[{"Date":"2019-11-07T00:00:00.000","CustomerID":473,"Product":"Vacuum Cleaner","Price":1598.86,"Quantity":1,"Coupon":"WELCOME15","Shipping_city":"Hamilton","Days_Since_Purchase":2154,"Total_Revenue":1598.86},{"Date":"2018-10-08T00:00:00.000","CustomerID":20,"Product":"Sofa","Price":1407.86,"Quantity":3,"Coupon":"SAVE10","Shipping_city":"Vancouver","Days_Since_Purchase":2549,"Total_Revenue":4223.58},{"Date":"2018-11-30T00:00:00.000","CustomerID":406,"Product":"Vacuum Cleaner","Price":622.09,"Quantity":7,"Coupon":"HOLIDAY20","Shipping_city":"Kitchener","Days_Since_Purchase":2496,"Total_Revenue":4354.63},{"Date":"2019-05-31T00:00:00.000","CustomerID":69,"Product":"Coffee Maker","Price":897.76,"Quantity":1,"Coupon":null,"Shipping_city":"Montreal","Days_Since_Purchase":2314,"Total_Revenue":897.76},{"Date":"2022-06-20T00:00:00.000","CustomerID":329,"Product":"Coffee Maker","Price":856.33,"Quantity":6,"Coupon":"SAVE10","Shipping_city":"Winnipeg","Days_Since_Purchase":1198,"Total_Revenue":5137.98},{"Date":"2019-06-12T00:00:00.000","CustomerID":108,"Product":"Dining Table","Price":1006.23,"Quantity":6,"Coupon":"SPRING5","Shipping_city":"Vancouver","Days_Since_Purchase":2302,"Total_Revenue":6037.38},{"Date":"2017-09-15T00:00:00.000","CustomerID":76,"Product":"Dining Table","Price":1073.43,"Quantity":2,"Coupon":"SPRING5","Shipping_city":"Toronto","Days_Since_Purchase":2937,"Total_Revenue":2146.86},{"Date":"2017-05-20T00:00:00.000","CustomerID":391,"Product":"Desk Chair","Price":1344.21,"Quantity":6,"Coupon":"WELCOME15","Shipping_city":"Toronto","Days_Since_Purchase":3055,"Total_Revenue":8065.26},{"Date":"2021-12-08T00:00:00.000","CustomerID":323,"Product":"Air Conditioner","Price":1175.55,"Quantity":3,"Coupon":"HOLIDAY20","Shipping_city":"Winnipeg","Days_Since_Purchase":1392,"Total_Revenue":3526.65},{"Date":"2024-03-22T00:00:00.000","CustomerID":252,"Product":"Microwave","Price":1118.55,"Quantity":5,"Coupon":"SPRING5","Shipping_city":"Kitchener","Days_Since_Purchase":557,"Total_Revenue":5592.75},{"Date":"2019-04-16T00:00:00.000","CustomerID":247,"Product":"Blender","Price":1493.55,"Quantity":5,"Coupon":"WELCOME15","Shipping_city":"Hamilton","Days_Since_Purchase":2359,"Total_Revenue":7467.75},{"Date":"2019-09-04T00:00:00.000","CustomerID":258,"Product":"Bookshelf","Price":1062.29,"Quantity":3,"Coupon":null,"Shipping_city":"Quebec City","Days_Since_Purchase":2218,"Total_Revenue":3186.87},{"Date":"2016-05-21T00:00:00.000","CustomerID":249,"Product":"Air Conditioner","Price":1009.8,"Quantity":7,"Coupon":"HOLIDAY20","Shipping_city":"Edmonton","Days_Since_Purchase":3419,"Total_Revenue":7068.6},{"Date":"2018-10-18T00:00:00.000","CustomerID":184,"Product":"Bookshelf","Price":537.43,"Quantity":6,"Coupon":"WELCOME15","Shipping_city":"Ottawa","Days_Since_Purchase":2539,"Total_Revenue":3224.58},{"Date":"2021-11-11T00:00:00.000","CustomerID":454,"Product":"Dining Table","Price":1533.78,"Quantity":5,"Coupon":"FREESHIP","Shipping_city":"Kitchener","Days_Since_Purchase":1419,"Total_Revenue":7668.9},{"Date":"2024-03-12T00:00:00.000","CustomerID":24,"Product":"Bookshelf","Price":1474.54,"Quantity":4,"Coupon":"FREESHIP","Shipping_city":"Quebec City","Days_Since_Purchase":567,"Total_Revenue":5898.16},{"Date":"2024-03-09T00:00:00.000","CustomerID":44,"Product":"Air Conditioner","Price":1753.5,"Quantity":5,"Coupon":null,"Shipping_city":"Montreal","Days_Since_Purchase":570,"Total_Revenue":8767.5},{"Date":"2020-01-27T00:00:00.000","CustomerID":81,"Product":"Bookshelf","Price":1680.11,"Quantity":5,"Coupon":"WELCOME15","Shipping_city":"Quebec City","Days_Since_Purchase":2073,"Total_Revenue":8400.55},{"Date":"2022-05-25T00:00:00.000","CustomerID":451,"Product":"Sofa","Price":720.08,"Quantity":2,"Coupon":"SPRING5","Shipping_city":"Calgary","Days_Since_Purchase":1224,"Total_Revenue":1440.16},{"Date":"2016-11-27T00:00:00.000","CustomerID":250,"Product":"Desk Chair","Price":1001.56,"Quantity":6,"Coupon":"SPRING5","Shipping_city":"Kitchener","Days_Since_Purchase":3229,"Total_Revenue":6009.36},{"Date":"2021-02-10T00:00:00.000","CustomerID":265,"Product":"Vacuum Cleaner","Price":1870.75,"Quantity":2,"Coupon":"SAVE10","Shipping_city":"Hamilton","Days_Since_Purchase":1693,"Total_Revenue":3741.5},{"Date":"2016-06-27T00:00:00.000","CustomerID":491,"Product":"Air Conditioner","Price":1927.27,"Quantity":5,"Coupon":null,"Shipping_city":"Ottawa","Days_Since_Purchase":3382,"Total_Revenue":9636.35},{"Date":"2015-10-20T00:00:00.000","CustomerID":8,"Product":"Desk Chair","Price":1343.06,"Quantity":1,"Coupon":null,"Shipping_city":"Quebec City","Days_Since_Purchase":3633,"Total_Revenue":1343.06},{"Date":"2018-04-17T00:00:00.000","CustomerID":461,"Product":"Coffee Maker","Price":1703.61,"Quantity":7,"Coupon":"SAVE10","Shipping_city":"Toronto","Days_Since_Purchase":2723,"Total_Revenue":11925.27},{"Date":"2019-05-01T00:00:00.000","CustomerID":227,"Product":"Sofa","Price":538.56,"Quantity":3,"Coupon":"HOLIDAY20","Shipping_city":"Hamilton","Days_Since_Purchase":2344,"Total_Revenue":1615.68},{"Date":"2022-07-28T00:00:00.000","CustomerID":86,"Product":"Vacuum Cleaner","Price":716.58,"Quantity":2,"Coupon":"FREESHIP","Shipping_city":"Edmonton","Days_Since_Purchase":1160,"Total_Revenue":1433.16},{"Date":"2020-12-30T00:00:00.000","CustomerID":348,"Product":"Refrigerator","Price":925.57,"Quantity":5,"Coupon":null,"Shipping_city":"Edmonton","Days_Since_Purchase":1735,"Total_Revenue":4627.85},{"Date":"2017-12-26T00:00:00.000","CustomerID":259,"Product":"Dining Table","Price":1835.13,"Quantity":6,"Coupon":null,"Shipping_city":"Kitchener","Days_Since_Purchase":2835,"Total_Revenue":11010.78},{"Date":"2023-07-27T00:00:00.000","CustomerID":346,"Product":"Coffee Maker","Price":1369.87,"Quantity":3,"Coupon":"SAVE10","Shipping_city":"Ottawa","Days_Since_Purchase":796,"Total_Revenue":4109.61},{"Date":"2016-07-21T00:00:00.000","CustomerID":332,"Product":"Desk Chair","Price":1458.47,"Quantity":5,"Coupon":null,"Shipping_city":"Ottawa","Days_Since_Purchase":3358,"Total_Revenue":7292.35},{"Date":"2020-04-13T00:00:00.000","CustomerID":129,"Product":"Blender","Price":1103.21,"Quantity":3,"Coupon":"HOLIDAY20","Shipping_city":"Hamilton","Days_Since_Purchase":1996,"Total_Revenue":3309.63},{"Date":"2020-06-08T00:00:00.000","CustomerID":444,"Product":"Sofa","Price":1233.88,"Quantity":3,"Coupon":"SAVE10","Shipping_city":"Edmonton","Days_Since_Purchase":1940,"Total_Revenue":3701.64},{"Date":"2017-11-01T00:00:00.000","CustomerID":136,"Product":"Dining Table","Price":1667.87,"Quantity":5,"Coupon":"HOLIDAY20","Shipping_city":"Calgary","Days_Since_Purchase":2890,"Total_Revenue":8339.35},{"Date":"2016-05-11T00:00:00.000","CustomerID":58,"Product":"Vacuum Cleaner","Price":859.36,"Quantity":2,"Coupon":"HOLIDAY20","Shipping_city":"Ottawa","Days_Since_Purchase":3429,"Total_Revenue":1718.72},{"Date":"2023-08-12T00:00:00.000","CustomerID":261,"Product":"Vacuum Cleaner","Price":1763.19,"Quantity":5,"Coupon":"WELCOME15","Shipping_city":"Winnipeg","Days_Since_Purchase":780,"Total_Revenue":8815.95},{"Date":"2017-12-16T00:00:00.000","CustomerID":410,"Product":"Vacuum Cleaner","Price":763.46,"Quantity":6,"Coupon":"SPRING5","Shipping_city":"Edmonton","Days_Since_Purchase":2845,"Total_Revenue":4580.76},{"Date":"2022-11-14T00:00:00.000","CustomerID":113,"Product":"Dining Table","Price":1165.53,"Quantity":6,"Coupon":"SPRING5","Shipping_city":"Ottawa","Days_Since_Purchase":1051,"Total_Revenue":6993.18},{"Date":"2017-12-13T00:00:00.000","CustomerID":191,"Product":"Sofa","Price":958.85,"Quantity":2,"Coupon":"SAVE10","Shipping_city":"Winnipeg","Days_Since_Purchase":2848,"Total_Revenue":1917.7},{"Date":"2016-08-23T00:00:00.000","CustomerID":459,"Product":"Vacuum Cleaner","Price":1776.45,"Quantity":4,"Coupon":"SAVE10","Shipping_city":"Toronto","Days_Since_Purchase":3325,"Total_Revenue":7105.8},{"Date":"2023-01-14T00:00:00.000","CustomerID":379,"Product":"Bookshelf","Price":997.76,"Quantity":1,"Coupon":"SPRING5","Shipping_city":"Kitchener","Days_Since_Purchase":990,"Total_Revenue":997.76},{"Date":"2016-05-16T00:00:00.000","CustomerID":188,"Product":"Vacuum Cleaner","Price":1534.76,"Quantity":3,"Coupon":null,"Shipping_city":"Calgary","Days_Since_Purchase":3424,"Total_Revenue":4604.28},{"Date":"2016-08-10T00:00:00.000","CustomerID":196,"Product":"Sofa","Price":1015.43,"Quantity":7,"Coupon":"SAVE10","Shipping_city":"Edmonton","Days_Since_Purchase":3338,"Total_Revenue":7108.01},{"Date":"2020-07-21T00:00:00.000","CustomerID":435,"Product":"Refrigerator","Price":1322.85,"Quantity":6,"Coupon":null,"Shipping_city":"Edmonton","Days_Since_Purchase":1897,"Total_Revenue":7937.1},{"Date":"2022-06-25T00:00:00.000","CustomerID":375,"Product":"Desk Chair","Price":1210.67,"Quantity":1,"Coupon":"SAVE10","Shipping_city":"Kitchener","Days_Since_Purchase":1193,"Total_Revenue":1210.67},{"Date":"2022-06-08T00:00:00.000","CustomerID":372,"Product":"Microwave","Price":931.86,"Quantity":6,"Coupon":"SAVE10","Shipping_city":"Montreal","Days_Since_Purchase":1210,"Total_Revenue":5591.16},{"Date":"2018-08-29T00:00:00.000","CustomerID":466,"Product":"Dining Table","Price":1578.65,"Quantity":3,"Coupon":"SPRING5","Shipping_city":"Hamilton","Days_Since_Purchase":2589,"Total_Revenue":4735.95},{"Date":"2019-06-03T00:00:00.000","CustomerID":60,"Product":"Dining Table","Price":1970.48,"Quantity":1,"Coupon":null,"Shipping_city":"Winnipeg","Days_Since_Purchase":2311,"Total_Revenue":1970.48},{"Date":"2016-08-19T00:00:00.000","CustomerID":306,"Product":"Refrigerator","Price":1992.96,"Quantity":1,"Coupon":null,"Shipping_city":"Toronto","Days_Since_Purchase":3329,"Total_Revenue":1992.96},{"Date":"2021-10-08T00:00:00.000","CustomerID":3,"Product":"Desk Chair","Price":1689.14,"Quantity":3,"Coupon":"SAVE10","Shipping_city":"Ottawa","Days_Since_Purchase":1453,"Total_Revenue":5067.42},{"Date":"2017-01-13T00:00:00.000","CustomerID":77,"Product":"Refrigerator","Price":1138.13,"Quantity":4,"Coupon":"HOLIDAY20","Shipping_city":"Winnipeg","Days_Since_Purchase":3182,"Total_Revenue":4552.52},{"Date":"2016-11-15T00:00:00.000","CustomerID":371,"Product":"Sofa","Price":1983.67,"Quantity":3,"Coupon":"SPRING5","Shipping_city":"Winnipeg","Days_Since_Purchase":3241,"Total_Revenue":5951.01},{"Date":"2022-05-01T00:00:00.000","CustomerID":60,"Product":"Refrigerator","Price":1754.42,"Quantity":6,"Coupon":"SAVE10","Shipping_city":"Vancouver","Days_Since_Purchase":1248,"Total_Revenue":10526.52},{"Date":"2018-01-13T00:00:00.000","CustomerID":457,"Product":"Coffee Maker","Price":1403.93,"Quantity":1,"Coupon":"SAVE10","Shipping_city":"Vancouver","Days_Since_Purchase":2817,"Total_Revenue":1403.93},{"Date":"2017-04-15T00:00:00.000","CustomerID":365,"Product":"Sofa","Price":1723.9,"Quantity":3,"Coupon":"FREESHIP","Shipping_city":"Winnipeg","Days_Since_Purchase":3090,"Total_Revenue":5171.7},{"Date":"2023-09-01T00:00:00.000","CustomerID":50,"Product":"Desk Chair","Price":1027.63,"Quantity":4,"Coupon":"SPRING5","Shipping_city":"Calgary","Days_Since_Purchase":760,"Total_Revenue":4110.52},{"Date":"2019-09-26T00:00:00.000","CustomerID":210,"Product":"Desk Chair","Price":1854.87,"Quantity":6,"Coupon":null,"Shipping_city":"Winnipeg","Days_Since_Purchase":2196,"Total_Revenue":11129.22},{"Date":"2023-03-06T00:00:00.000","CustomerID":454,"Product":"Vacuum Cleaner","Price":765.1,"Quantity":2,"Coupon":"HOLIDAY20","Shipping_city":"Kitchener","Days_Since_Purchase":939,"Total_Revenue":1530.2},{"Date":"2015-11-06T00:00:00.000","CustomerID":24,"Product":"Microwave","Price":664.65,"Quantity":5,"Coupon":"FREESHIP","Shipping_city":"Ottawa","Days_Since_Purchase":3616,"Total_Revenue":3323.25},{"Date":"2019-12-07T00:00:00.000","CustomerID":359,"Product":"Blender","Price":1390.53,"Quantity":5,"Coupon":"HOLIDAY20","Shipping_city":"Winnipeg","Days_Since_Purchase":2124,"Total_Revenue":6952.65},{"Date":"2023-10-28T00:00:00.000","CustomerID":67,"Product":"Vacuum Cleaner","Price":1565.43,"Quantity":6,"Coupon":"SAVE10","Shipping_city":"Edmonton","Days_Since_Purchase":703,"Total_Revenue":9392.58},{"Date":"2016-05-28T00:00:00.000","CustomerID":346,"Product":"Sofa","Price":503.3,"Quantity":3,"Coupon":"HOLIDAY20","Shipping_city":"Hamilton","Days_Since_Purchase":3412,"Total_Revenue":1509.9},{"Date":"2023-05-03T00:00:00.000","CustomerID":240,"Product":"Dining Table","Price":1299.65,"Quantity":1,"Coupon":"SAVE10","Shipping_city":"Hamilton","Days_Since_Purchase":881,"Total_Revenue":1299.65},{"Date":"2023-09-20T00:00:00.000","CustomerID":130,"Product":"Refrigerator","Price":1804.29,"Quantity":6,"Coupon":"WELCOME15","Shipping_city":"Edmonton","Days_Since_Purchase":741,"Total_Revenue":10825.74},{"Date":"2017-02-14T00:00:00.000","CustomerID":87,"Product":"Bookshelf","Price":1879.09,"Quantity":1,"Coupon":null,"Shipping_city":"Montreal","Days_Since_Purchase":3150,"Total_Revenue":1879.09},{"Date":"2019-11-20T00:00:00.000","CustomerID":339,"Product":"Desk Chair","Price":1571.12,"Quantity":6,"Coupon":"FREESHIP","Shipping_city":"Ottawa","Days_Since_Purchase":2141,"Total_Revenue":9426.72},{"Date":"2019-01-17T00:00:00.000","CustomerID":304,"Product":"Desk Chair","Price":1299.39,"Quantity":4,"Coupon":"SAVE10","Shipping_city":"Vancouver","Days_Since_Purchase":2448,"Total_Revenue":5197.56},{"Date":"2020-12-17T00:00:00.000","CustomerID":276,"Product":"Microwave","Price":1811.07,"Quantity":5,"Coupon":"SAVE10","Shipping_city":"Hamilton","Days_Since_Purchase":1748,"Total_Revenue":9055.35},{"Date":"2023-08-27T00:00:00.000","CustomerID":366,"Product":"Coffee Maker","Price":1450.26,"Quantity":1,"Coupon":null,"Shipping_city":"Toronto","Days_Since_Purchase":765,"Total_Revenue":1450.26},{"Date":"2019-04-08T00:00:00.000","CustomerID":302,"Product":"Bookshelf","Price":877.77,"Quantity":1,"Coupon":"WELCOME15","Shipping_city":"Winnipeg","Days_Since_Purchase":2367,"Total_Revenue":877.77},{"Date":"2021-08-01T00:00:00.000","CustomerID":62,"Product":"Coffee Maker","Price":914.16,"Quantity":7,"Coupon":null,"Shipping_city":"Winnipeg","Days_Since_Purchase":1521,"Total_Revenue":6399.12},{"Date":"2015-08-23T00:00:00.000","CustomerID":1,"Product":"Dining Table","Price":1463.06,"Quantity":2,"Coupon":"SAVE10","Shipping_city":"Kitchener","Days_Since_Purchase":3691,"Total_Revenue":2926.12},{"Date":"2021-08-01T00:00:00.000","CustomerID":67,"Product":"Vacuum Cleaner","Price":1775.77,"Quantity":2,"Coupon":"HOLIDAY20","Shipping_city":"Vancouver","Days_Since_Purchase":1521,"Total_Revenue":3551.54},{"Date":"2020-02-15T00:00:00.000","CustomerID":282,"Product":"Desk Chair","Price":1738.43,"Quantity":6,"Coupon":"FREESHIP","Shipping_city":"Montreal","Days_Since_Purchase":2054,"Total_Revenue":10430.58},{"Date":"2015-01-25T00:00:00.000","CustomerID":4,"Product":"Sofa","Price":1084.69,"Quantity":7,"Coupon":"SAVE10","Shipping_city":"Montreal","Days_Since_Purchase":3901,"Total_Revenue":7592.83},{"Date":"2022-12-15T00:00:00.000","CustomerID":484,"Product":"Blender","Price":1614.68,"Quantity":5,"Coupon":"SAVE10","Shipping_city":"Ottawa","Days_Since_Purchase":1020,"Total_Revenue":8073.4},{"Date":"2023-06-06T00:00:00.000","CustomerID":223,"Product":"Blender","Price":1730.12,"Quantity":2,"Coupon":"SPRING5","Shipping_city":"Montreal","Days_Since_Purchase":847,"Total_Revenue":3460.24},{"Date":"2021-06-14T00:00:00.000","CustomerID":130,"Product":"Refrigerator","Price":1257.36,"Quantity":4,"Coupon":null,"Shipping_city":"Toronto","Days_Since_Purchase":1569,"Total_Revenue":5029.44},{"Date":"2017-06-10T00:00:00.000","CustomerID":308,"Product":"Microwave","Price":1864.98,"Quantity":1,"Coupon":"SAVE10","Shipping_city":"Kitchener","Days_Since_Purchase":3034,"Total_Revenue":1864.98},{"Date":"2021-09-27T00:00:00.000","CustomerID":340,"Product":"Air Conditioner","Price":1424.32,"Quantity":6,"Coupon":"SAVE10","Shipping_city":"Toronto","Days_Since_Purchase":1464,"Total_Revenue":8545.92},{"Date":"2024-04-19T00:00:00.000","CustomerID":190,"Product":"Microwave","Price":1069.69,"Quantity":1,"Coupon":"HOLIDAY20","Shipping_city":"Winnipeg","Days_Since_Purchase":529,"Total_Revenue":1069.69},{"Date":"2015-03-01T00:00:00.000","CustomerID":54,"Product":"Dining Table","Price":1775.41,"Quantity":6,"Coupon":"FREESHIP","Shipping_city":"Toronto","Days_Since_Purchase":3866,"Total_Revenue":10652.46},{"Date":"2023-12-10T00:00:00.000","CustomerID":355,"Product":"Refrigerator","Price":1204.42,"Quantity":6,"Coupon":null,"Shipping_city":"Montreal","Days_Since_Purchase":660,"Total_Revenue":7226.52},{"Date":"2016-10-25T00:00:00.000","CustomerID":354,"Product":"Air Conditioner","Price":976.39,"Quantity":4,"Coupon":"HOLIDAY20","Shipping_city":"Quebec City","Days_Since_Purchase":3262,"Total_Revenue":3905.56},{"Date":"2016-08-24T00:00:00.000","CustomerID":244,"Product":"Dining Table","Price":1523.06,"Quantity":6,"Coupon":"HOLIDAY20","Shipping_city":"Calgary","Days_Since_Purchase":3324,"Total_Revenue":9138.36},{"Date":"2017-04-14T00:00:00.000","CustomerID":316,"Product":"Air Conditioner","Price":1002.79,"Quantity":3,"Coupon":"SPRING5","Shipping_city":"Hamilton","Days_Since_Purchase":3091,"Total_Revenue":3008.37},{"Date":"2018-12-29T00:00:00.000","CustomerID":371,"Product":"Dining Table","Price":1432.79,"Quantity":1,"Coupon":"SPRING5","Shipping_city":"Calgary","Days_Since_Purchase":2467,"Total_Revenue":1432.79},{"Date":"2017-10-14T00:00:00.000","CustomerID":31,"Product":"Refrigerator","Price":1889.78,"Quantity":3,"Coupon":"SAVE10","Shipping_city":"Montreal","Days_Since_Purchase":2908,"Total_Revenue":5669.34},{"Date":"2023-11-15T00:00:00.000","CustomerID":320,"Product":"Desk Chair","Price":1725.72,"Quantity":5,"Coupon":"SPRING5","Shipping_city":"Edmonton","Days_Since_Purchase":685,"Total_Revenue":8628.6},{"Date":"2022-09-24T00:00:00.000","CustomerID":302,"Product":"Bookshelf","Price":1417.74,"Quantity":5,"Coupon":"WELCOME15","Shipping_city":"Hamilton","Days_Since_Purchase":1102,"Total_Revenue":7088.7},{"Date":"2024-04-24T00:00:00.000","CustomerID":17,"Product":"Air Conditioner","Price":625.07,"Quantity":4,"Coupon":"SAVE10","Shipping_city":"Quebec City","Days_Since_Purchase":524,"Total_Revenue":2500.28},{"Date":"2018-05-12T00:00:00.000","CustomerID":350,"Product":"Dining Table","Price":597.96,"Quantity":1,"Coupon":"WELCOME15","Shipping_city":"Edmonton","Days_Since_Purchase":2698,"Total_Revenue":597.96},{"Date":"2016-01-19T00:00:00.000","CustomerID":103,"Product":"Air Conditioner","Price":1591.88,"Quantity":3,"Coupon":"SAVE10","Shipping_city":"Calgary","Days_Since_Purchase":3542,"Total_Revenue":4775.64},{"Date":"2020-04-01T00:00:00.000","CustomerID":184,"Product":"Vacuum Cleaner","Price":1243.6,"Quantity":4,"Coupon":"WELCOME15","Shipping_city":"Toronto","Days_Since_Purchase":2008,"Total_Revenue":4974.4},{"Date":"2020-01-14T00:00:00.000","CustomerID":475,"Product":"Blender","Price":513.93,"Quantity":3,"Coupon":"SAVE10","Shipping_city":"Kitchener","Days_Since_Purchase":2086,"Total_Revenue":1541.79},{"Date":"2015-03-18T00:00:00.000","CustomerID":118,"Product":"Blender","Price":698.49,"Quantity":5,"Coupon":"HOLIDAY20","Shipping_city":"Edmonton","Days_Since_Purchase":3849,"Total_Revenue":3492.45},{"Date":"2015-05-24T00:00:00.000","CustomerID":426,"Product":"Coffee Maker","Price":980.35,"Quantity":4,"Coupon":"WELCOME15","Shipping_city":"Winnipeg","Days_Since_Purchase":3782,"Total_Revenue":3921.4},{"Date":"2016-09-23T00:00:00.000","CustomerID":37,"Product":"Microwave","Price":1424.37,"Quantity":2,"Coupon":null,"Shipping_city":"Montreal","Days_Since_Purchase":3294,"Total_Revenue":2848.74},{"Date":"2015-09-28T00:00:00.000","CustomerID":287,"Product":"Coffee Maker","Price":1767.97,"Quantity":1,"Coupon":"SAVE10","Shipping_city":"Ottawa","Days_Since_Purchase":3655,"Total_Revenue":1767.97},{"Date":"2019-03-20T00:00:00.000","CustomerID":187,"Product":"Microwave","Price":1987.69,"Quantity":3,"Coupon":null,"Shipping_city":"Edmonton","Days_Since_Purchase":2386,"Total_Revenue":5963.07},{"Date":"2018-08-24T00:00:00.000","CustomerID":51,"Product":"Coffee Maker","Price":1340.0,"Quantity":2,"Coupon":"WELCOME15","Shipping_city":"Edmonton","Days_Since_Purchase":2594,"Total_Revenue":2680.0},{"Date":"2015-01-17T00:00:00.000","CustomerID":459,"Product":"Sofa","Price":1894.92,"Quantity":7,"Coupon":"SAVE10","Shipping_city":"Toronto","Days_Since_Purchase":3909,"Total_Revenue":13264.44},{"Date":"2019-01-18T00:00:00.000","CustomerID":26,"Product":"Desk Chair","Price":1185.6,"Quantity":3,"Coupon":"SAVE10","Shipping_city":"Winnipeg","Days_Since_Purchase":2447,"Total_Revenue":3556.8},{"Date":"2023-08-07T00:00:00.000","CustomerID":23,"Product":"Sofa","Price":1608.4,"Quantity":5,"Coupon":"WELCOME15","Shipping_city":"Toronto","Days_Since_Purchase":785,"Total_Revenue":8042.0},{"Date":"2023-06-15T00:00:00.000","CustomerID":55,"Product":"Desk Chair","Price":933.12,"Quantity":1,"Coupon":"SPRING5","Shipping_city":"Edmonton","Days_Since_Purchase":838,"Total_Revenue":933.12},{"Date":"2018-11-28T00:00:00.000","CustomerID":241,"Product":"Vacuum Cleaner","Price":723.0,"Quantity":7,"Coupon":null,"Shipping_city":"Winnipeg","Days_Since_Purchase":2498,"Total_Revenue":5061.0},{"Date":"2023-04-12T00:00:00.000","CustomerID":197,"Product":"Desk Chair","Price":1182.23,"Quantity":3,"Coupon":"FREESHIP","Shipping_city":"Kitchener","Days_Since_Purchase":902,"Total_Revenue":3546.69},{"Date":"2022-04-04T00:00:00.000","CustomerID":105,"Product":"Microwave","Price":925.47,"Quantity":6,"Coupon":"FREESHIP","Shipping_city":"Hamilton","Days_Since_Purchase":1275,"Total_Revenue":5552.82},{"Date":"2016-09-10T00:00:00.000","CustomerID":384,"Product":"Dining Table","Price":1550.28,"Quantity":7,"Coupon":"SPRING5","Shipping_city":"Quebec City","Days_Since_Purchase":3307,"Total_Revenue":10851.96},{"Date":"2021-01-13T00:00:00.000","CustomerID":120,"Product":"Sofa","Price":1381.54,"Quantity":6,"Coupon":"HOLIDAY20","Shipping_city":"Edmonton","Days_Since_Purchase":1721,"Total_Revenue":8289.24},{"Date":"2017-01-12T00:00:00.000","CustomerID":236,"Product":"Bookshelf","Price":642.16,"Quantity":1,"Coupon":"SAVE10","Shipping_city":"Montreal","Days_Since_Purchase":3183,"Total_Revenue":642.16},{"Date":"2017-07-07T00:00:00.000","CustomerID":230,"Product":"Air Conditioner","Price":1326.84,"Quantity":2,"Coupon":null,"Shipping_city":"Ottawa","Days_Since_Purchase":3007,"Total_Revenue":2653.68},{"Date":"2020-09-22T00:00:00.000","CustomerID":19,"Product":"Sofa","Price":1803.11,"Quantity":2,"Coupon":"WELCOME15","Shipping_city":"Winnipeg","Days_Since_Purchase":1834,"Total_Revenue":3606.22},{"Date":"2019-12-24T00:00:00.000","CustomerID":48,"Product":"Refrigerator","Price":1472.51,"Quantity":2,"Coupon":"FREESHIP","Shipping_city":"Kitchener","Days_Since_Purchase":2107,"Total_Revenue":2945.02},{"Date":"2020-01-29T00:00:00.000","CustomerID":339,"Product":"Air Conditioner","Price":769.09,"Quantity":5,"Coupon":"SAVE10","Shipping_city":"Toronto","Days_Since_Purchase":2071,"Total_Revenue":3845.45},{"Date":"2023-07-29T00:00:00.000","CustomerID":389,"Product":"Air Conditioner","Price":1280.55,"Quantity":4,"Coupon":"HOLIDAY20","Shipping_city":"Edmonton","Days_Since_Purchase":794,"Total_Revenue":5122.2},{"Date":"2015-02-12T00:00:00.000","CustomerID":108,"Product":"Bookshelf","Price":1819.04,"Quantity":6,"Coupon":"SAVE10","Shipping_city":"Calgary","Days_Since_Purchase":3883,"Total_Revenue":10914.24},{"Date":"2023-02-22T00:00:00.000","CustomerID":96,"Product":"Coffee Maker","Price":921.75,"Quantity":2,"Coupon":"WELCOME15","Shipping_city":"Hamilton","Days_Since_Purchase":951,"Total_Revenue":1843.5},{"Date":"2018-08-03T00:00:00.000","CustomerID":302,"Product":"Desk Chair","Price":667.45,"Quantity":7,"Coupon":null,"Shipping_city":"Hamilton","Days_Since_Purchase":2615,"Total_Revenue":4672.15},{"Date":"2024-02-11T00:00:00.000","CustomerID":91,"Product":"Blender","Price":621.73,"Quantity":4,"Coupon":"FREESHIP","Shipping_city":"Ottawa","Days_Since_Purchase":597,"Total_Revenue":2486.92},{"Date":"2022-02-11T00:00:00.000","CustomerID":148,"Product":"Blender","Price":1512.45,"Quantity":6,"Coupon":"HOLIDAY20","Shipping_city":"Calgary","Days_Since_Purchase":1327,"Total_Revenue":9074.7},{"Date":"2016-12-18T00:00:00.000","CustomerID":227,"Product":"Air Conditioner","Price":1930.89,"Quantity":1,"Coupon":"SPRING5","Shipping_city":"Montreal","Days_Since_Purchase":3208,"Total_Revenue":1930.89},{"Date":"2022-07-04T00:00:00.000","CustomerID":9,"Product":"Refrigerator","Price":830.15,"Quantity":6,"Coupon":"SAVE10","Shipping_city":"Quebec City","Days_Since_Purchase":1184,"Total_Revenue":4980.9},{"Date":"2021-09-01T00:00:00.000","CustomerID":268,"Product":"Bookshelf","Price":1106.41,"Quantity":6,"Coupon":"SPRING5","Shipping_city":"Hamilton","Days_Since_Purchase":1490,"Total_Revenue":6638.46},{"Date":"2019-04-16T00:00:00.000","CustomerID":377,"Product":"Air Conditioner","Price":526.89,"Quantity":4,"Coupon":"SAVE10","Shipping_city":"Kitchener","Days_Since_Purchase":2359,"Total_Revenue":2107.56},{"Date":"2022-06-16T00:00:00.000","CustomerID":67,"Product":"Air Conditioner","Price":1224.56,"Quantity":1,"Coupon":null,"Shipping_city":"Winnipeg","Days_Since_Purchase":1202,"Total_Revenue":1224.56},{"Date":"2018-02-19T00:00:00.000","CustomerID":268,"Product":"Bookshelf","Price":954.11,"Quantity":3,"Coupon":"SAVE10","Shipping_city":"Ottawa","Days_Since_Purchase":2780,"Total_Revenue":2862.33},{"Date":"2017-04-17T00:00:00.000","CustomerID":485,"Product":"Sofa","Price":1371.73,"Quantity":1,"Coupon":"SPRING5","Shipping_city":"Calgary","Days_Since_Purchase":3088,"Total_Revenue":1371.73},{"Date":"2017-06-01T00:00:00.000","CustomerID":273,"Product":"Refrigerator","Price":1174.69,"Quantity":4,"Coupon":"SAVE10","Shipping_city":"Vancouver","Days_Since_Purchase":3043,"Total_Revenue":4698.76},{"Date":"2018-10-03T00:00:00.000","CustomerID":87,"Product":"Vacuum Cleaner","Price":1497.64,"Quantity":3,"Coupon":"HOLIDAY20","Shipping_city":"Calgary","Days_Since_Purchase":2554,"Total_Revenue":4492.92},{"Date":"2023-10-19T00:00:00.000","CustomerID":383,"Product":"Desk Chair","Price":816.92,"Quantity":5,"Coupon":"SAVE10","Shipping_city":"Quebec City","Days_Since_Purchase":712,"Total_Revenue":4084.6},{"Date":"2019-08-18T00:00:00.000","CustomerID":126,"Product":"Desk Chair","Price":1200.13,"Quantity":6,"Coupon":null,"Shipping_city":"Winnipeg","Days_Since_Purchase":2235,"Total_Revenue":7200.78},{"Date":"2023-05-06T00:00:00.000","CustomerID":304,"Product":"Bookshelf","Price":745.23,"Quantity":7,"Coupon":"SAVE10","Shipping_city":"Montreal","Days_Since_Purchase":878,"Total_Revenue":5216.61},{"Date":"2021-03-31T00:00:00.000","CustomerID":301,"Product":"Sofa","Price":1813.61,"Quantity":3,"Coupon":"SAVE10","Shipping_city":"Vancouver","Days_Since_Purchase":1644,"Total_Revenue":5440.83},{"Date":"2023-05-23T00:00:00.000","CustomerID":301,"Product":"Sofa","Price":772.84,"Quantity":2,"Coupon":"WELCOME15","Shipping_city":"Montreal","Days_Since_Purchase":861,"Total_Revenue":1545.68},{"Date":"2021-12-29T00:00:00.000","CustomerID":94,"Product":"Microwave","Price":684.22,"Quantity":1,"Coupon":"SAVE10","Shipping_city":"Winnipeg","Days_Since_Purchase":1371,"Total_Revenue":684.22},{"Date":"2022-04-18T00:00:00.000","CustomerID":481,"Product":"Vacuum Cleaner","Price":1942.03,"Quantity":1,"Coupon":"HOLIDAY20","Shipping_city":"Montreal","Days_Since_Purchase":1261,"Total_Revenue":1942.03},{"Date":"2015-05-27T00:00:00.000","CustomerID":74,"Product":"Blender","Price":1161.14,"Quantity":7,"Coupon":"FREESHIP","Shipping_city":"Calgary","Days_Since_Purchase":3779,"Total_Revenue":8127.98},{"Date":"2018-05-12T00:00:00.000","CustomerID":135,"Product":"Desk Chair","Price":755.96,"Quantity":1,"Coupon":"SAVE10","Shipping_city":"Vancouver","Days_Since_Purchase":2698,"Total_Revenue":755.96},{"Date":"2016-11-14T00:00:00.000","CustomerID":54,"Product":"Blender","Price":1631.73,"Quantity":3,"Coupon":null,"Shipping_city":"Calgary","Days_Since_Purchase":3242,"Total_Revenue":4895.19},{"Date":"2023-03-24T00:00:00.000","CustomerID":160,"Product":"Bookshelf","Price":521.21,"Quantity":5,"Coupon":"WELCOME15","Shipping_city":"Toronto","Days_Since_Purchase":921,"Total_Revenue":2606.05},{"Date":"2020-06-03T00:00:00.000","CustomerID":78,"Product":"Microwave","Price":1523.63,"Quantity":2,"Coupon":"SAVE10","Shipping_city":"Winnipeg","Days_Since_Purchase":1945,"Total_Revenue":3047.26},{"Date":"2023-10-30T00:00:00.000","CustomerID":500,"Product":"Microwave","Price":566.3,"Quantity":5,"Coupon":"SAVE10","Shipping_city":"Montreal","Days_Since_Purchase":701,"Total_Revenue":2831.5},{"Date":"2021-01-09T00:00:00.000","CustomerID":387,"Product":"Blender","Price":1086.43,"Quantity":4,"Coupon":"WELCOME15","Shipping_city":"Kitchener","Days_Since_Purchase":1725,"Total_Revenue":4345.72},{"Date":"2021-08-17T00:00:00.000","CustomerID":68,"Product":"Refrigerator","Price":1093.31,"Quantity":2,"Coupon":"SPRING5","Shipping_city":"Kitchener","Days_Since_Purchase":1505,"Total_Revenue":2186.62},{"Date":"2020-04-24T00:00:00.000","CustomerID":281,"Product":"Air Conditioner","Price":735.25,"Quantity":2,"Coupon":"SPRING5","Shipping_city":"Toronto","Days_Since_Purchase":1985,"Total_Revenue":1470.5},{"Date":"2020-12-27T00:00:00.000","CustomerID":398,"Product":"Microwave","Price":1371.79,"Quantity":4,"Coupon":"HOLIDAY20","Shipping_city":"Calgary","Days_Since_Purchase":1738,"Total_Revenue":5487.16},{"Date":"2018-09-14T00:00:00.000","CustomerID":91,"Product":"Desk Chair","Price":1643.37,"Quantity":2,"Coupon":"FREESHIP","Shipping_city":"Hamilton","Days_Since_Purchase":2573,"Total_Revenue":3286.74},{"Date":"2017-05-18T00:00:00.000","CustomerID":188,"Product":"Air Conditioner","Price":815.31,"Quantity":2,"Coupon":"SAVE10","Shipping_city":"Kitchener","Days_Since_Purchase":3057,"Total_Revenue":1630.62},{"Date":"2019-08-17T00:00:00.000","CustomerID":82,"Product":"Refrigerator","Price":1412.63,"Quantity":7,"Coupon":"FREESHIP","Shipping_city":"Calgary","Days_Since_Purchase":2236,"Total_Revenue":9888.41},{"Date":"2019-07-02T00:00:00.000","CustomerID":196,"Product":"Microwave","Price":1220.58,"Quantity":1,"Coupon":null,"Shipping_city":"Toronto","Days_Since_Purchase":2282,"Total_Revenue":1220.58},{"Date":"2024-03-05T00:00:00.000","CustomerID":499,"Product":"Blender","Price":1403.74,"Quantity":5,"Coupon":"FREESHIP","Shipping_city":"Kitchener","Days_Since_Purchase":574,"Total_Revenue":7018.7},{"Date":"2018-07-24T00:00:00.000","CustomerID":131,"Product":"Desk Chair","Price":1365.39,"Quantity":7,"Coupon":"WELCOME15","Shipping_city":"Montreal","Days_Since_Purchase":2625,"Total_Revenue":9557.73},{"Date":"2021-07-06T00:00:00.000","CustomerID":494,"Product":"Refrigerator","Price":1877.55,"Quantity":5,"Coupon":"SAVE10","Shipping_city":"Ottawa","Days_Since_Purchase":1547,"Total_Revenue":9387.75},{"Date":"2019-08-30T00:00:00.000","CustomerID":4,"Product":"Vacuum Cleaner","Price":1762.12,"Quantity":1,"Coupon":null,"Shipping_city":"Hamilton","Days_Since_Purchase":2223,"Total_Revenue":1762.12},{"Date":"2018-06-03T00:00:00.000","CustomerID":450,"Product":"Blender","Price":1566.03,"Quantity":4,"Coupon":"WELCOME15","Shipping_city":"Montreal","Days_Since_Purchase":2676,"Total_Revenue":6264.12},{"Date":"2016-04-14T00:00:00.000","CustomerID":10,"Product":"Refrigerator","Price":518.91,"Quantity":7,"Coupon":"SAVE10","Shipping_city":"Calgary","Days_Since_Purchase":3456,"Total_Revenue":3632.37},{"Date":"2024-03-30T00:00:00.000","CustomerID":339,"Product":"Sofa","Price":570.72,"Quantity":2,"Coupon":"SAVE10","Shipping_city":"Montreal","Days_Since_Purchase":549,"Total_Revenue":1141.44},{"Date":"2018-02-05T00:00:00.000","CustomerID":54,"Product":"Blender","Price":1101.79,"Quantity":1,"Coupon":"SAVE10","Shipping_city":"Kitchener","Days_Since_Purchase":2794,"Total_Revenue":1101.79},{"Date":"2023-09-13T00:00:00.000","CustomerID":21,"Product":"Sofa","Price":1150.29,"Quantity":1,"Coupon":"HOLIDAY20","Shipping_city":"Ottawa","Days_Since_Purchase":748,"Total_Revenue":1150.29},{"Date":"2019-01-07T00:00:00.000","CustomerID":240,"Product":"Vacuum Cleaner","Price":598.96,"Quantity":4,"Coupon":"SAVE10","Shipping_city":"Quebec City","Days_Since_Purchase":2458,"Total_Revenue":2395.84},{"Date":"2024-01-02T00:00:00.000","CustomerID":353,"Product":"Coffee Maker","Price":1355.36,"Quantity":6,"Coupon":"FREESHIP","Shipping_city":"Calgary","Days_Since_Purchase":637,"Total_Revenue":8132.16},{"Date":"2016-02-24T00:00:00.000","CustomerID":5,"Product":"Refrigerator","Price":898.39,"Quantity":6,"Coupon":null,"Shipping_city":"Quebec City","Days_Since_Purchase":3506,"Total_Revenue":5390.34},{"Date":"2023-10-21T00:00:00.000","CustomerID":182,"Product":"Blender","Price":1796.5,"Quantity":3,"Coupon":"SAVE10","Shipping_city":"Calgary","Days_Since_Purchase":710,"Total_Revenue":5389.5},{"Date":"2023-01-21T00:00:00.000","CustomerID":311,"Product":"Refrigerator","Price":1494.5,"Quantity":6,"Coupon":"FREESHIP","Shipping_city":"Vancouver","Days_Since_Purchase":983,"Total_Revenue":8967.0},{"Date":"2018-07-10T00:00:00.000","CustomerID":476,"Product":"Blender","Price":1089.24,"Quantity":2,"Coupon":"FREESHIP","Shipping_city":"Edmonton","Days_Since_Purchase":2639,"Total_Revenue":2178.48},{"Date":"2015-09-03T00:00:00.000","CustomerID":375,"Product":"Vacuum Cleaner","Price":564.6,"Quantity":7,"Coupon":"SAVE10","Shipping_city":"Winnipeg","Days_Since_Purchase":3680,"Total_Revenue":3952.2},{"Date":"2015-01-05T00:00:00.000","CustomerID":132,"Product":"Air Conditioner","Price":931.07,"Quantity":5,"Coupon":"WELCOME15","Shipping_city":"Montreal","Days_Since_Purchase":3921,"Total_Revenue":4655.35},{"Date":"2015-12-16T00:00:00.000","CustomerID":216,"Product":"Bookshelf","Price":1416.86,"Quantity":3,"Coupon":"SAVE10","Shipping_city":"Edmonton","Days_Since_Purchase":3576,"Total_Revenue":4250.58},{"Date":"2023-10-27T00:00:00.000","CustomerID":229,"Product":"Sofa","Price":1155.68,"Quantity":2,"Coupon":"FREESHIP","Shipping_city":"Hamilton","Days_Since_Purchase":704,"Total_Revenue":2311.36},{"Date":"2022-01-25T00:00:00.000","CustomerID":77,"Product":"Vacuum Cleaner","Price":1376.1,"Quantity":1,"Coupon":null,"Shipping_city":"Toronto","Days_Since_Purchase":1344,"Total_Revenue":1376.1},{"Date":"2017-02-04T00:00:00.000","CustomerID":169,"Product":"Dining Table","Price":683.02,"Quantity":7,"Coupon":"SAVE10","Shipping_city":"Kitchener","Days_Since_Purchase":3160,"Total_Revenue":4781.14},{"Date":"2016-01-07T00:00:00.000","CustomerID":291,"Product":"Sofa","Price":1954.8,"Quantity":2,"Coupon":null,"Shipping_city":"Montreal","Days_Since_Purchase":3554,"Total_Revenue":3909.6},{"Date":"2019-01-08T00:00:00.000","CustomerID":148,"Product":"Bookshelf","Price":868.59,"Quantity":1,"Coupon":"SAVE10","Shipping_city":"Quebec City","Days_Since_Purchase":2457,"Total_Revenue":868.59},{"Date":"2023-08-22T00:00:00.000","CustomerID":17,"Product":"Coffee Maker","Price":632.73,"Quantity":6,"Coupon":null,"Shipping_city":"Vancouver","Days_Since_Purchase":770,"Total_Revenue":3796.38},{"Date":"2020-07-16T00:00:00.000","CustomerID":428,"Product":"Sofa","Price":554.94,"Quantity":2,"Coupon":"SAVE10","Shipping_city":"Edmonton","Days_Since_Purchase":1902,"Total_Revenue":1109.88},{"Date":"2018-05-02T00:00:00.000","CustomerID":83,"Product":"Bookshelf","Price":1801.88,"Quantity":4,"Coupon":"WELCOME15","Shipping_city":"Kitchener","Days_Since_Purchase":2708,"Total_Revenue":7207.52},{"Date":"2024-03-28T00:00:00.000","CustomerID":491,"Product":"Refrigerator","Price":1164.93,"Quantity":5,"Coupon":"WELCOME15","Shipping_city":"Kitchener","Days_Since_Purchase":551,"Total_Revenue":5824.65},{"Date":"2021-06-30T00:00:00.000","CustomerID":343,"Product":"Microwave","Price":1891.51,"Quantity":6,"Coupon":"SAVE10","Shipping_city":"Toronto","Days_Since_Purchase":1553,"Total_Revenue":11349.06},{"Date":"2015-04-21T00:00:00.000","CustomerID":386,"Product":"Air Conditioner","Price":767.21,"Quantity":5,"Coupon":"SAVE10","Shipping_city":"Quebec City","Days_Since_Purchase":3815,"Total_Revenue":3836.05},{"Date":"2022-01-09T00:00:00.000","CustomerID":228,"Product":"Bookshelf","Price":1117.96,"Quantity":7,"Coupon":"SAVE10","Shipping_city":"Quebec City","Days_Since_Purchase":1360,"Total_Revenue":7825.72},{"Date":"2016-09-21T00:00:00.000","CustomerID":93,"Product":"Air Conditioner","Price":1639.6,"Quantity":1,"Coupon":"HOLIDAY20","Shipping_city":"Kitchener","Days_Since_Purchase":3296,"Total_Revenue":1639.6},{"Date":"2020-05-03T00:00:00.000","CustomerID":212,"Product":"Desk Chair","Price":690.34,"Quantity":7,"Coupon":"SAVE10","Shipping_city":"Winnipeg","Days_Since_Purchase":1976,"Total_Revenue":4832.38},{"Date":"2016-01-11T00:00:00.000","CustomerID":351,"Product":"Vacuum Cleaner","Price":505.48,"Quantity":2,"Coupon":"WELCOME15","Shipping_city":"Winnipeg","Days_Since_Purchase":3550,"Total_Revenue":1010.96},{"Date":"2019-08-24T00:00:00.000","CustomerID":55,"Product":"Desk Chair","Price":1188.21,"Quantity":2,"Coupon":"FREESHIP","Shipping_city":"Hamilton","Days_Since_Purchase":2229,"Total_Revenue":2376.42},{"Date":"2017-03-12T00:00:00.000","CustomerID":121,"Product":"Sofa","Price":785.66,"Quantity":7,"Coupon":"HOLIDAY20","Shipping_city":"Winnipeg","Days_Since_Purchase":3124,"Total_Revenue":5499.62},{"Date":"2015-05-29T00:00:00.000","CustomerID":382,"Product":"Sofa","Price":1422.89,"Quantity":2,"Coupon":"SAVE10","Shipping_city":"Quebec City","Days_Since_Purchase":3777,"Total_Revenue":2845.78},{"Date":"2020-03-06T00:00:00.000","CustomerID":122,"Product":"Blender","Price":1910.74,"Quantity":7,"Coupon":"HOLIDAY20","Shipping_city":"Toronto","Days_Since_Purchase":2034,"Total_Revenue":13375.18},{"Date":"2019-11-26T00:00:00.000","CustomerID":289,"Product":"Dining Table","Price":1518.29,"Quantity":6,"Coupon":"SAVE10","Shipping_city":"Vancouver","Days_Since_Purchase":2135,"Total_Revenue":9109.74},{"Date":"2019-05-18T00:00:00.000","CustomerID":396,"Product":"Sofa","Price":1080.57,"Quantity":1,"Coupon":"SPRING5","Shipping_city":"Edmonton","Days_Since_Purchase":2327,"Total_Revenue":1080.57},{"Date":"2017-12-23T00:00:00.000","CustomerID":66,"Product":"Dining Table","Price":524.23,"Quantity":2,"Coupon":"SAVE10","Shipping_city":"Calgary","Days_Since_Purchase":2838,"Total_Revenue":1048.46},{"Date":"2023-08-28T00:00:00.000","CustomerID":193,"Product":"Bookshelf","Price":598.99,"Quantity":3,"Coupon":"SAVE10","Shipping_city":"Vancouver","Days_Since_Purchase":764,"Total_Revenue":1796.97},{"Date":"2015-10-22T00:00:00.000","CustomerID":497,"Product":"Vacuum Cleaner","Price":1961.15,"Quantity":3,"Coupon":"SPRING5","Shipping_city":"Kitchener","Days_Since_Purchase":3631,"Total_Revenue":5883.45},{"Date":"2017-04-12T00:00:00.000","CustomerID":157,"Product":"Vacuum Cleaner","Price":1931.38,"Quantity":6,"Coupon":"HOLIDAY20","Shipping_city":"Winnipeg","Days_Since_Purchase":3093,"Total_Revenue":11588.28},{"Date":"2017-03-04T00:00:00.000","CustomerID":389,"Product":"Vacuum Cleaner","Price":1200.39,"Quantity":4,"Coupon":null,"Shipping_city":"Quebec City","Days_Since_Purchase":3132,"Total_Revenue":4801.56},{"Date":"2023-12-30T00:00:00.000","CustomerID":413,"Product":"Refrigerator","Price":1936.81,"Quantity":3,"Coupon":"SAVE10","Shipping_city":"Montreal","Days_Since_Purchase":640,"Total_Revenue":5810.43},{"Date":"2015-03-04T00:00:00.000","CustomerID":189,"Product":"Blender","Price":1677.07,"Quantity":5,"Coupon":"WELCOME15","Shipping_city":"Quebec City","Days_Since_Purchase":3863,"Total_Revenue":8385.35},{"Date":"2017-09-12T00:00:00.000","CustomerID":498,"Product":"Microwave","Price":628.58,"Quantity":4,"Coupon":"SAVE10","Shipping_city":"Edmonton","Days_Since_Purchase":2940,"Total_Revenue":2514.32},{"Date":"2016-01-26T00:00:00.000","CustomerID":480,"Product":"Desk Chair","Price":1025.23,"Quantity":3,"Coupon":null,"Shipping_city":"Edmonton","Days_Since_Purchase":3535,"Total_Revenue":3075.69},{"Date":"2019-01-09T00:00:00.000","CustomerID":39,"Product":"Bookshelf","Price":1583.56,"Quantity":4,"Coupon":"SAVE10","Shipping_city":"Vancouver","Days_Since_Purchase":2456,"Total_Revenue":6334.24},{"Date":"2020-11-17T00:00:00.000","CustomerID":338,"Product":"Dining Table","Price":1498.37,"Quantity":2,"Coupon":null,"Shipping_city":"Ottawa","Days_Since_Purchase":1778,"Total_Revenue":2996.74},{"Date":"2018-08-16T00:00:00.000","CustomerID":132,"Product":"Vacuum Cleaner","Price":986.58,"Quantity":4,"Coupon":"FREESHIP","Shipping_city":"Winnipeg","Days_Since_Purchase":2602,"Total_Revenue":3946.32},{"Date":"2018-04-13T00:00:00.000","CustomerID":178,"Product":"Air Conditioner","Price":1830.06,"Quantity":6,"Coupon":"WELCOME15","Shipping_city":"Edmonton","Days_Since_Purchase":2727,"Total_Revenue":10980.36},{"Date":"2022-01-16T00:00:00.000","CustomerID":38,"Product":"Vacuum Cleaner","Price":880.8,"Quantity":6,"Coupon":"FREESHIP","Shipping_city":"Ottawa","Days_Since_Purchase":1353,"Total_Revenue":5284.8},{"Date":"2017-05-19T00:00:00.000","CustomerID":260,"Product":"Vacuum Cleaner","Price":520.37,"Quantity":2,"Coupon":"SAVE10","Shipping_city":"Quebec City","Days_Since_Purchase":3056,"Total_Revenue":1040.74},{"Date":"2020-07-20T00:00:00.000","CustomerID":118,"Product":"Desk Chair","Price":1717.63,"Quantity":2,"Coupon":"HOLIDAY20","Shipping_city":"Calgary","Days_Since_Purchase":1898,"Total_Revenue":3435.26},{"Date":"2017-11-01T00:00:00.000","CustomerID":214,"Product":"Desk Chair","Price":1545.9,"Quantity":2,"Coupon":"WELCOME15","Shipping_city":"Hamilton","Days_Since_Purchase":2890,"Total_Revenue":3091.8},{"Date":"2016-08-21T00:00:00.000","CustomerID":311,"Product":"Vacuum Cleaner","Price":1607.44,"Quantity":3,"Coupon":null,"Shipping_city":"Quebec City","Days_Since_Purchase":3327,"Total_Revenue":4822.32},{"Date":"2019-06-18T00:00:00.000","CustomerID":134,"Product":"Microwave","Price":1212.82,"Quantity":3,"Coupon":"FREESHIP","Shipping_city":"Edmonton","Days_Since_Purchase":2296,"Total_Revenue":3638.46},{"Date":"2020-06-27T00:00:00.000","CustomerID":476,"Product":"Microwave","Price":1200.59,"Quantity":6,"Coupon":"FREESHIP","Shipping_city":"Vancouver","Days_Since_Purchase":1921,"Total_Revenue":7203.54},{"Date":"2018-01-28T00:00:00.000","CustomerID":489,"Product":"Dining Table","Price":1841.45,"Quantity":3,"Coupon":null,"Shipping_city":"Calgary","Days_Since_Purchase":2802,"Total_Revenue":5524.35},{"Date":"2019-11-05T00:00:00.000","CustomerID":427,"Product":"Vacuum Cleaner","Price":1898.92,"Quantity":2,"Coupon":"SAVE10","Shipping_city":"Kitchener","Days_Since_Purchase":2156,"Total_Revenue":3797.84},{"Date":"2020-06-27T00:00:00.000","CustomerID":34,"Product":"Desk Chair","Price":1920.65,"Quantity":2,"Coupon":null,"Shipping_city":"Ottawa","Days_Since_Purchase":1921,"Total_Revenue":3841.3},{"Date":"2018-02-05T00:00:00.000","CustomerID":167,"Product":"Desk Chair","Price":1387.33,"Quantity":2,"Coupon":null,"Shipping_city":"Hamilton","Days_Since_Purchase":2794,"Total_Revenue":2774.66},{"Date":"2023-11-20T00:00:00.000","CustomerID":42,"Product":"Microwave","Price":1390.92,"Quantity":1,"Coupon":"WELCOME15","Shipping_city":"Calgary","Days_Since_Purchase":680,"Total_Revenue":1390.92},{"Date":"2023-04-03T00:00:00.000","CustomerID":35,"Product":"Desk Chair","Price":1426.52,"Quantity":7,"Coupon":"WELCOME15","Shipping_city":"Vancouver","Days_Since_Purchase":911,"Total_Revenue":9985.64},{"Date":"2015-11-16T00:00:00.000","CustomerID":18,"Product":"Desk Chair","Price":699.75,"Quantity":4,"Coupon":"HOLIDAY20","Shipping_city":"Edmonton","Days_Since_Purchase":3606,"Total_Revenue":2799.0},{"Date":"2023-09-22T00:00:00.000","CustomerID":52,"Product":"Blender","Price":1449.77,"Quantity":7,"Coupon":null,"Shipping_city":"Hamilton","Days_Since_Purchase":739,"Total_Revenue":10148.39},{"Date":"2017-10-27T00:00:00.000","CustomerID":35,"Product":"Coffee Maker","Price":1266.15,"Quantity":2,"Coupon":null,"Shipping_city":"Ottawa","Days_Since_Purchase":2895,"Total_Revenue":2532.3},{"Date":"2017-11-23T00:00:00.000","CustomerID":264,"Product":"Coffee Maker","Price":1169.76,"Quantity":1,"Coupon":null,"Shipping_city":"Vancouver","Days_Since_Purchase":2868,"Total_Revenue":1169.76},{"Date":"2021-01-17T00:00:00.000","CustomerID":136,"Product":"Desk Chair","Price":1840.54,"Quantity":6,"Coupon":"WELCOME15","Shipping_city":"Winnipeg","Days_Since_Purchase":1717,"Total_Revenue":11043.24},{"Date":"2023-07-07T00:00:00.000","CustomerID":488,"Product":"Sofa","Price":1894.07,"Quantity":5,"Coupon":"SPRING5","Shipping_city":"Toronto","Days_Since_Purchase":816,"Total_Revenue":9470.35},{"Date":"2016-03-24T00:00:00.000","CustomerID":196,"Product":"Air Conditioner","Price":1881.1,"Quantity":5,"Coupon":"SPRING5","Shipping_city":"Vancouver","Days_Since_Purchase":3477,"Total_Revenue":9405.5},{"Date":"2023-07-11T00:00:00.000","CustomerID":17,"Product":"Vacuum Cleaner","Price":628.53,"Quantity":4,"Coupon":"FREESHIP","Shipping_city":"Montreal","Days_Since_Purchase":812,"Total_Revenue":2514.12},{"Date":"2021-06-03T00:00:00.000","CustomerID":26,"Product":"Desk Chair","Price":1103.85,"Quantity":6,"Coupon":"SPRING5","Shipping_city":"Vancouver","Days_Since_Purchase":1580,"Total_Revenue":6623.1},{"Date":"2020-04-15T00:00:00.000","CustomerID":15,"Product":"Desk Chair","Price":870.38,"Quantity":7,"Coupon":null,"Shipping_city":"Edmonton","Days_Since_Purchase":1994,"Total_Revenue":6092.66},{"Date":"2021-12-08T00:00:00.000","CustomerID":121,"Product":"Air Conditioner","Price":1900.28,"Quantity":6,"Coupon":"HOLIDAY20","Shipping_city":"Winnipeg","Days_Since_Purchase":1392,"Total_Revenue":11401.68},{"Date":"2020-12-23T00:00:00.000","CustomerID":187,"Product":"Desk Chair","Price":1811.63,"Quantity":1,"Coupon":"WELCOME15","Shipping_city":"Hamilton","Days_Since_Purchase":1742,"Total_Revenue":1811.63},{"Date":"2017-07-15T00:00:00.000","CustomerID":282,"Product":"Dining Table","Price":1079.98,"Quantity":2,"Coupon":"FREESHIP","Shipping_city":"Edmonton","Days_Since_Purchase":2999,"Total_Revenue":2159.96},{"Date":"2021-02-07T00:00:00.000","CustomerID":132,"Product":"Vacuum Cleaner","Price":1976.82,"Quantity":3,"Coupon":"FREESHIP","Shipping_city":"Winnipeg","Days_Since_Purchase":1696,"Total_Revenue":5930.46},{"Date":"2015-02-12T00:00:00.000","CustomerID":195,"Product":"Dining Table","Price":810.84,"Quantity":3,"Coupon":"SAVE10","Shipping_city":"Edmonton","Days_Since_Purchase":3883,"Total_Revenue":2432.52},{"Date":"2015-11-22T00:00:00.000","CustomerID":94,"Product":"Vacuum Cleaner","Price":1343.85,"Quantity":5,"Coupon":"SAVE10","Shipping_city":"Vancouver","Days_Since_Purchase":3600,"Total_Revenue":6719.25},{"Date":"2021-01-31T00:00:00.000","CustomerID":223,"Product":"Blender","Price":504.85,"Quantity":5,"Coupon":"SPRING5","Shipping_city":"Montreal","Days_Since_Purchase":1703,"Total_Revenue":2524.25},{"Date":"2023-08-22T00:00:00.000","CustomerID":77,"Product":"Refrigerator","Price":1651.77,"Quantity":4,"Coupon":"SAVE10","Shipping_city":"Winnipeg","Days_Since_Purchase":770,"Total_Revenue":6607.08},{"Date":"2022-05-18T00:00:00.000","CustomerID":326,"Product":"Sofa","Price":1856.69,"Quantity":2,"Coupon":null,"Shipping_city":"Quebec City","Days_Since_Purchase":1231,"Total_Revenue":3713.38},{"Date":"2016-05-22T00:00:00.000","CustomerID":447,"Product":"Coffee Maker","Price":751.95,"Quantity":5,"Coupon":"FREESHIP","Shipping_city":"Edmonton","Days_Since_Purchase":3418,"Total_Revenue":3759.75},{"Date":"2015-05-22T00:00:00.000","CustomerID":394,"Product":"Vacuum Cleaner","Price":1926.67,"Quantity":6,"Coupon":null,"Shipping_city":"Ottawa","Days_Since_Purchase":3784,"Total_Revenue":11560.02},{"Date":"2018-04-16T00:00:00.000","CustomerID":289,"Product":"Vacuum Cleaner","Price":1502.48,"Quantity":2,"Coupon":"WELCOME15","Shipping_city":"Calgary","Days_Since_Purchase":2724,"Total_Revenue":3004.96},{"Date":"2016-07-19T00:00:00.000","CustomerID":366,"Product":"Coffee Maker","Price":1138.8,"Quantity":3,"Coupon":"FREESHIP","Shipping_city":"Montreal","Days_Since_Purchase":3360,"Total_Revenue":3416.4},{"Date":"2015-02-14T00:00:00.000","CustomerID":348,"Product":"Vacuum Cleaner","Price":710.67,"Quantity":3,"Coupon":"HOLIDAY20","Shipping_city":"Toronto","Days_Since_Purchase":3881,"Total_Revenue":2132.01},{"Date":"2018-08-24T00:00:00.000","CustomerID":435,"Product":"Blender","Price":1735.21,"Quantity":5,"Coupon":"WELCOME15","Shipping_city":"Montreal","Days_Since_Purchase":2594,"Total_Revenue":8676.05},{"Date":"2017-06-18T00:00:00.000","CustomerID":17,"Product":"Desk Chair","Price":530.56,"Quantity":5,"Coupon":null,"Shipping_city":"Hamilton","Days_Since_Purchase":3026,"Total_Revenue":2652.8},{"Date":"2022-05-11T00:00:00.000","CustomerID":312,"Product":"Coffee Maker","Price":1146.17,"Quantity":3,"Coupon":"HOLIDAY20","Shipping_city":"Winnipeg","Days_Since_Purchase":1238,"Total_Revenue":3438.51},{"Date":"2019-03-24T00:00:00.000","CustomerID":222,"Product":"Desk Chair","Price":1566.89,"Quantity":2,"Coupon":"FREESHIP","Shipping_city":"Quebec City","Days_Since_Purchase":2382,"Total_Revenue":3133.78},{"Date":"2021-09-27T00:00:00.000","CustomerID":31,"Product":"Dining Table","Price":925.57,"Quantity":6,"Coupon":null,"Shipping_city":"Kitchener","Days_Since_Purchase":1464,"Total_Revenue":5553.42},{"Date":"2015-01-14T00:00:00.000","CustomerID":490,"Product":"Dining Table","Price":1931.27,"Quantity":1,"Coupon":"SAVE10","Shipping_city":"Calgary","Days_Since_Purchase":3912,"Total_Revenue":1931.27},{"Date":"2015-01-31T00:00:00.000","CustomerID":449,"Product":"Microwave","Price":1960.05,"Quantity":6,"Coupon":"HOLIDAY20","Shipping_city":"Kitchener","Days_Since_Purchase":3895,"Total_Revenue":11760.3},{"Date":"2022-11-06T00:00:00.000","CustomerID":19,"Product":"Coffee Maker","Price":885.43,"Quantity":3,"Coupon":"SPRING5","Shipping_city":"Ottawa","Days_Since_Purchase":1059,"Total_Revenue":2656.29},{"Date":"2019-08-31T00:00:00.000","CustomerID":329,"Product":"Coffee Maker","Price":587.28,"Quantity":5,"Coupon":"SAVE10","Shipping_city":"Montreal","Days_Since_Purchase":2222,"Total_Revenue":2936.4},{"Date":"2017-02-24T00:00:00.000","CustomerID":249,"Product":"Desk Chair","Price":1122.85,"Quantity":2,"Coupon":null,"Shipping_city":"Hamilton","Days_Since_Purchase":3140,"Total_Revenue":2245.7},{"Date":"2024-02-14T00:00:00.000","CustomerID":301,"Product":"Vacuum Cleaner","Price":717.66,"Quantity":3,"Coupon":"HOLIDAY20","Shipping_city":"Kitchener","Days_Since_Purchase":594,"Total_Revenue":2152.98},{"Date":"2019-05-22T00:00:00.000","CustomerID":114,"Product":"Vacuum Cleaner","Price":1824.19,"Quantity":6,"Coupon":"SAVE10","Shipping_city":"Quebec City","Days_Since_Purchase":2323,"Total_Revenue":10945.14},{"Date":"2019-05-15T00:00:00.000","CustomerID":328,"Product":"Vacuum Cleaner","Price":1282.61,"Quantity":5,"Coupon":"SAVE10","Shipping_city":"Hamilton","Days_Since_Purchase":2330,"Total_Revenue":6413.05},{"Date":"2019-08-06T00:00:00.000","CustomerID":340,"Product":"Bookshelf","Price":602.36,"Quantity":5,"Coupon":"FREESHIP","Shipping_city":"Quebec City","Days_Since_Purchase":2247,"Total_Revenue":3011.8},{"Date":"2023-02-07T00:00:00.000","CustomerID":77,"Product":"Vacuum Cleaner","Price":571.55,"Quantity":6,"Coupon":null,"Shipping_city":"Vancouver","Days_Since_Purchase":966,"Total_Revenue":3429.3},{"Date":"2020-08-04T00:00:00.000","CustomerID":475,"Product":"Vacuum Cleaner","Price":550.98,"Quantity":4,"Coupon":"FREESHIP","Shipping_city":"Vancouver","Days_Since_Purchase":1883,"Total_Revenue":2203.92},{"Date":"2019-01-24T00:00:00.000","CustomerID":487,"Product":"Desk Chair","Price":1418.88,"Quantity":5,"Coupon":"SPRING5","Shipping_city":"Edmonton","Days_Since_Purchase":2441,"Total_Revenue":7094.4},{"Date":"2016-04-17T00:00:00.000","CustomerID":143,"Product":"Coffee Maker","Price":1932.59,"Quantity":6,"Coupon":"FREESHIP","Shipping_city":"Calgary","Days_Since_Purchase":3453,"Total_Revenue":11595.54},{"Date":"2019-09-03T00:00:00.000","CustomerID":119,"Product":"Desk Chair","Price":1694.65,"Quantity":4,"Coupon":"WELCOME15","Shipping_city":"Toronto","Days_Since_Purchase":2219,"Total_Revenue":6778.6},{"Date":"2024-02-12T00:00:00.000","CustomerID":470,"Product":"Microwave","Price":1742.7,"Quantity":3,"Coupon":null,"Shipping_city":"Montreal","Days_Since_Purchase":596,"Total_Revenue":5228.1},{"Date":"2017-07-01T00:00:00.000","CustomerID":9,"Product":"Microwave","Price":1783.23,"Quantity":4,"Coupon":null,"Shipping_city":"Kitchener","Days_Since_Purchase":3013,"Total_Revenue":7132.92},{"Date":"2019-12-13T00:00:00.000","CustomerID":359,"Product":"Refrigerator","Price":1676.55,"Quantity":7,"Coupon":null,"Shipping_city":"Hamilton","Days_Since_Purchase":2118,"Total_Revenue":11735.85},{"Date":"2017-10-22T00:00:00.000","CustomerID":274,"Product":"Dining Table","Price":1555.4,"Quantity":6,"Coupon":"SPRING5","Shipping_city":"Hamilton","Days_Since_Purchase":2900,"Total_Revenue":9332.4},{"Date":"2020-02-22T00:00:00.000","CustomerID":290,"Product":"Air Conditioner","Price":1979.39,"Quantity":3,"Coupon":"SAVE10","Shipping_city":"Vancouver","Days_Since_Purchase":2047,"Total_Revenue":5938.17},{"Date":"2018-10-25T00:00:00.000","CustomerID":132,"Product":"Coffee Maker","Price":1319.49,"Quantity":3,"Coupon":null,"Shipping_city":"Quebec City","Days_Since_Purchase":2532,"Total_Revenue":3958.47},{"Date":"2023-04-14T00:00:00.000","CustomerID":338,"Product":"Dining Table","Price":1169.99,"Quantity":2,"Coupon":"WELCOME15","Shipping_city":"Quebec City","Days_Since_Purchase":900,"Total_Revenue":2339.98},{"Date":"2016-05-16T00:00:00.000","CustomerID":91,"Product":"Microwave","Price":1701.22,"Quantity":4,"Coupon":"SAVE10","Shipping_city":"Montreal","Days_Since_Purchase":3424,"Total_Revenue":6804.88},{"Date":"2016-07-08T00:00:00.000","CustomerID":52,"Product":"Desk Chair","Price":511.27,"Quantity":4,"Coupon":"WELCOME15","Shipping_city":"Ottawa","Days_Since_Purchase":3371,"Total_Revenue":2045.08},{"Date":"2017-03-26T00:00:00.000","CustomerID":239,"Product":"Bookshelf","Price":562.82,"Quantity":3,"Coupon":"FREESHIP","Shipping_city":"Quebec City","Days_Since_Purchase":3110,"Total_Revenue":1688.46},{"Date":"2015-04-17T00:00:00.000","CustomerID":84,"Product":"Air Conditioner","Price":1278.22,"Quantity":6,"Coupon":"SAVE10","Shipping_city":"Winnipeg","Days_Since_Purchase":3819,"Total_Revenue":7669.32},{"Date":"2023-09-26T00:00:00.000","CustomerID":325,"Product":"Coffee Maker","Price":1194.68,"Quantity":5,"Coupon":null,"Shipping_city":"Vancouver","Days_Since_Purchase":735,"Total_Revenue":5973.4},{"Date":"2020-02-11T00:00:00.000","CustomerID":121,"Product":"Refrigerator","Price":1444.98,"Quantity":7,"Coupon":"FREESHIP","Shipping_city":"Quebec City","Days_Since_Purchase":2058,"Total_Revenue":10114.86},{"Date":"2016-03-16T00:00:00.000","CustomerID":4,"Product":"Coffee Maker","Price":522.09,"Quantity":3,"Coupon":null,"Shipping_city":"Calgary","Days_Since_Purchase":3485,"Total_Revenue":1566.27},{"Date":"2016-12-08T00:00:00.000","CustomerID":209,"Product":"Vacuum Cleaner","Price":1376.51,"Quantity":6,"Coupon":"WELCOME15","Shipping_city":"Quebec City","Days_Since_Purchase":3218,"Total_Revenue":8259.06},{"Date":"2022-09-25T00:00:00.000","CustomerID":186,"Product":"Vacuum Cleaner","Price":1063.97,"Quantity":3,"Coupon":"WELCOME15","Shipping_city":"Montreal","Days_Since_Purchase":1101,"Total_Revenue":3191.91},{"Date":"2020-08-04T00:00:00.000","CustomerID":237,"Product":"Dining Table","Price":1902.37,"Quantity":2,"Coupon":null,"Shipping_city":"Ottawa","Days_Since_Purchase":1883,"Total_Revenue":3804.74},{"Date":"2023-12-23T00:00:00.000","CustomerID":469,"Product":"Sofa","Price":1877.22,"Quantity":2,"Coupon":"HOLIDAY20","Shipping_city":"Kitchener","Days_Since_Purchase":647,"Total_Revenue":3754.44},{"Date":"2022-01-21T00:00:00.000","CustomerID":352,"Product":"Refrigerator","Price":953.81,"Quantity":7,"Coupon":"HOLIDAY20","Shipping_city":"Toronto","Days_Since_Purchase":1348,"Total_Revenue":6676.67},{"Date":"2022-05-01T00:00:00.000","CustomerID":8,"Product":"Refrigerator","Price":726.06,"Quantity":1,"Coupon":"HOLIDAY20","Shipping_city":"Kitchener","Days_Since_Purchase":1248,"Total_Revenue":726.06},{"Date":"2017-04-15T00:00:00.000","CustomerID":165,"Product":"Bookshelf","Price":567.92,"Quantity":6,"Coupon":"SAVE10","Shipping_city":"Hamilton","Days_Since_Purchase":3090,"Total_Revenue":3407.52},{"Date":"2019-05-19T00:00:00.000","CustomerID":160,"Product":"Bookshelf","Price":1887.06,"Quantity":5,"Coupon":"FREESHIP","Shipping_city":"Winnipeg","Days_Since_Purchase":2326,"Total_Revenue":9435.3},{"Date":"2020-05-31T00:00:00.000","CustomerID":436,"Product":"Air Conditioner","Price":1951.12,"Quantity":2,"Coupon":"SPRING5","Shipping_city":"Edmonton","Days_Since_Purchase":1948,"Total_Revenue":3902.24},{"Date":"2019-10-21T00:00:00.000","CustomerID":422,"Product":"Dining Table","Price":1628.96,"Quantity":1,"Coupon":"SPRING5","Shipping_city":"Edmonton","Days_Since_Purchase":2171,"Total_Revenue":1628.96},{"Date":"2019-02-25T00:00:00.000","CustomerID":157,"Product":"Refrigerator","Price":698.85,"Quantity":2,"Coupon":"WELCOME15","Shipping_city":"Hamilton","Days_Since_Purchase":2409,"Total_Revenue":1397.7},{"Date":"2019-07-24T00:00:00.000","CustomerID":222,"Product":"Microwave","Price":1392.14,"Quantity":1,"Coupon":"SAVE10","Shipping_city":"Kitchener","Days_Since_Purchase":2260,"Total_Revenue":1392.14},{"Date":"2020-07-04T00:00:00.000","CustomerID":205,"Product":"Desk Chair","Price":564.97,"Quantity":3,"Coupon":"HOLIDAY20","Shipping_city":"Quebec City","Days_Since_Purchase":1914,"Total_Revenue":1694.91},{"Date":"2018-08-30T00:00:00.000","CustomerID":258,"Product":"Blender","Price":1657.58,"Quantity":7,"Coupon":"WELCOME15","Shipping_city":"Edmonton","Days_Since_Purchase":2588,"Total_Revenue":11603.06},{"Date":"2018-10-07T00:00:00.000","CustomerID":488,"Product":"Blender","Price":1646.98,"Quantity":1,"Coupon":"SPRING5","Shipping_city":"Montreal","Days_Since_Purchase":2550,"Total_Revenue":1646.98},{"Date":"2021-10-09T00:00:00.000","CustomerID":443,"Product":"Coffee Maker","Price":985.86,"Quantity":3,"Coupon":"FREESHIP","Shipping_city":"Montreal","Days_Since_Purchase":1452,"Total_Revenue":2957.58},{"Date":"2023-07-25T00:00:00.000","CustomerID":58,"Product":"Air Conditioner","Price":1070.36,"Quantity":7,"Coupon":"HOLIDAY20","Shipping_city":"Vancouver","Days_Since_Purchase":798,"Total_Revenue":7492.52},{"Date":"2016-01-08T00:00:00.000","CustomerID":447,"Product":"Vacuum Cleaner","Price":809.36,"Quantity":2,"Coupon":"HOLIDAY20","Shipping_city":"Toronto","Days_Since_Purchase":3553,"Total_Revenue":1618.72},{"Date":"2020-11-14T00:00:00.000","CustomerID":250,"Product":"Bookshelf","Price":742.13,"Quantity":3,"Coupon":"WELCOME15","Shipping_city":"Winnipeg","Days_Since_Purchase":1781,"Total_Revenue":2226.39},{"Date":"2023-04-01T00:00:00.000","CustomerID":469,"Product":"Refrigerator","Price":913.7,"Quantity":3,"Coupon":"HOLIDAY20","Shipping_city":"Ottawa","Days_Since_Purchase":913,"Total_Revenue":2741.1},{"Date":"2017-08-21T00:00:00.000","CustomerID":498,"Product":"Air Conditioner","Price":1957.94,"Quantity":4,"Coupon":null,"Shipping_city":"Edmonton","Days_Since_Purchase":2962,"Total_Revenue":7831.76},{"Date":"2015-06-12T00:00:00.000","CustomerID":116,"Product":"Blender","Price":1959.49,"Quantity":6,"Coupon":"SPRING5","Shipping_city":"Ottawa","Days_Since_Purchase":3763,"Total_Revenue":11756.94},{"Date":"2019-09-07T00:00:00.000","CustomerID":118,"Product":"Bookshelf","Price":590.39,"Quantity":3,"Coupon":null,"Shipping_city":"Vancouver","Days_Since_Purchase":2215,"Total_Revenue":1771.17},{"Date":"2020-11-27T00:00:00.000","CustomerID":494,"Product":"Dining Table","Price":660.79,"Quantity":3,"Coupon":"HOLIDAY20","Shipping_city":"Kitchener","Days_Since_Purchase":1768,"Total_Revenue":1982.37},{"Date":"2015-04-18T00:00:00.000","CustomerID":165,"Product":"Microwave","Price":1534.33,"Quantity":1,"Coupon":"SAVE10","Shipping_city":"Montreal","Days_Since_Purchase":3818,"Total_Revenue":1534.33},{"Date":"2020-09-20T00:00:00.000","CustomerID":66,"Product":"Microwave","Price":679.63,"Quantity":7,"Coupon":null,"Shipping_city":"Calgary","Days_Since_Purchase":1836,"Total_Revenue":4757.41},{"Date":"2020-01-22T00:00:00.000","CustomerID":380,"Product":"Microwave","Price":1604.49,"Quantity":4,"Coupon":"SPRING5","Shipping_city":"Quebec City","Days_Since_Purchase":2078,"Total_Revenue":6417.96},{"Date":"2023-11-30T00:00:00.000","CustomerID":325,"Product":"Dining Table","Price":1438.74,"Quantity":1,"Coupon":"SPRING5","Shipping_city":"Calgary","Days_Since_Purchase":670,"Total_Revenue":1438.74},{"Date":"2015-11-12T00:00:00.000","CustomerID":68,"Product":"Vacuum Cleaner","Price":1700.64,"Quantity":3,"Coupon":"WELCOME15","Shipping_city":"Toronto","Days_Since_Purchase":3610,"Total_Revenue":5101.92},{"Date":"2023-02-19T00:00:00.000","CustomerID":48,"Product":"Vacuum Cleaner","Price":1633.5,"Quantity":2,"Coupon":"SAVE10","Shipping_city":"Edmonton","Days_Since_Purchase":954,"Total_Revenue":3267.0},{"Date":"2023-06-05T00:00:00.000","CustomerID":404,"Product":"Refrigerator","Price":1150.85,"Quantity":2,"Coupon":"SAVE10","Shipping_city":"Edmonton","Days_Since_Purchase":848,"Total_Revenue":2301.7},{"Date":"2020-01-22T00:00:00.000","CustomerID":271,"Product":"Vacuum Cleaner","Price":1315.86,"Quantity":2,"Coupon":"SAVE10","Shipping_city":"Montreal","Days_Since_Purchase":2078,"Total_Revenue":2631.72},{"Date":"2023-01-07T00:00:00.000","CustomerID":284,"Product":"Vacuum Cleaner","Price":616.4,"Quantity":1,"Coupon":"HOLIDAY20","Shipping_city":"Ottawa","Days_Since_Purchase":997,"Total_Revenue":616.4},{"Date":"2017-03-19T00:00:00.000","CustomerID":444,"Product":"Microwave","Price":521.46,"Quantity":3,"Coupon":"FREESHIP","Shipping_city":"Montreal","Days_Since_Purchase":3117,"Total_Revenue":1564.38},{"Date":"2017-12-24T00:00:00.000","CustomerID":148,"Product":"Sofa","Price":1486.27,"Quantity":5,"Coupon":"SAVE10","Shipping_city":"Edmonton","Days_Since_Purchase":2837,"Total_Revenue":7431.35},{"Date":"2020-02-27T00:00:00.000","CustomerID":28,"Product":"Vacuum Cleaner","Price":642.35,"Quantity":5,"Coupon":"FREESHIP","Shipping_city":"Montreal","Days_Since_Purchase":2042,"Total_Revenue":3211.75},{"Date":"2018-11-25T00:00:00.000","CustomerID":42,"Product":"Desk Chair","Price":1622.83,"Quantity":6,"Coupon":null,"Shipping_city":"Ottawa","Days_Since_Purchase":2501,"Total_Revenue":9736.98},{"Date":"2015-05-14T00:00:00.000","CustomerID":288,"Product":"Vacuum Cleaner","Price":1972.31,"Quantity":2,"Coupon":null,"Shipping_city":"Kitchener","Days_Since_Purchase":3792,"Total_Revenue":3944.62},{"Date":"2017-01-04T00:00:00.000","CustomerID":280,"Product":"Sofa","Price":997.52,"Quantity":1,"Coupon":"SAVE10","Shipping_city":"Winnipeg","Days_Since_Purchase":3191,"Total_Revenue":997.52},{"Date":"2018-08-10T00:00:00.000","CustomerID":348,"Product":"Blender","Price":1982.33,"Quantity":3,"Coupon":"FREESHIP","Shipping_city":"Toronto","Days_Since_Purchase":2608,"Total_Revenue":5946.99},{"Date":"2016-05-03T00:00:00.000","CustomerID":35,"Product":"Bookshelf","Price":1643.16,"Quantity":3,"Coupon":"SAVE10","Shipping_city":"Calgary","Days_Since_Purchase":3437,"Total_Revenue":4929.48},{"Date":"2024-02-15T00:00:00.000","CustomerID":465,"Product":"Bookshelf","Price":1721.81,"Quantity":5,"Coupon":null,"Shipping_city":"Calgary","Days_Since_Purchase":593,"Total_Revenue":8609.05},{"Date":"2023-04-28T00:00:00.000","CustomerID":283,"Product":"Coffee Maker","Price":1092.89,"Quantity":1,"Coupon":"SPRING5","Shipping_city":"Winnipeg","Days_Since_Purchase":886,"Total_Revenue":1092.89},{"Date":"2018-09-13T00:00:00.000","CustomerID":428,"Product":"Vacuum Cleaner","Price":1562.74,"Quantity":4,"Coupon":"WELCOME15","Shipping_city":"Edmonton","Days_Since_Purchase":2574,"Total_Revenue":6250.96},{"Date":"2021-01-05T00:00:00.000","CustomerID":312,"Product":"Bookshelf","Price":970.24,"Quantity":5,"Coupon":"FREESHIP","Shipping_city":"Vancouver","Days_Since_Purchase":1729,"Total_Revenue":4851.2},{"Date":"2015-02-25T00:00:00.000","CustomerID":376,"Product":"Vacuum Cleaner","Price":1068.66,"Quantity":6,"Coupon":"WELCOME15","Shipping_city":"Ottawa","Days_Since_Purchase":3870,"Total_Revenue":6411.96},{"Date":"2017-02-10T00:00:00.000","CustomerID":95,"Product":"Refrigerator","Price":927.9,"Quantity":3,"Coupon":"HOLIDAY20","Shipping_city":"Ottawa","Days_Since_Purchase":3154,"Total_Revenue":2783.7},{"Date":"2019-11-09T00:00:00.000","CustomerID":155,"Product":"Bookshelf","Price":1323.38,"Quantity":7,"Coupon":"WELCOME15","Shipping_city":"Hamilton","Days_Since_Purchase":2152,"Total_Revenue":9263.66},{"Date":"2018-10-29T00:00:00.000","CustomerID":94,"Product":"Bookshelf","Price":1070.7,"Quantity":1,"Coupon":"SAVE10","Shipping_city":"Vancouver","Days_Since_Purchase":2528,"Total_Revenue":1070.7},{"Date":"2017-08-14T00:00:00.000","CustomerID":328,"Product":"Air Conditioner","Price":1953.76,"Quantity":3,"Coupon":"FREESHIP","Shipping_city":"Montreal","Days_Since_Purchase":2969,"Total_Revenue":5861.28},{"Date":"2020-03-06T00:00:00.000","CustomerID":36,"Product":"Microwave","Price":908.98,"Quantity":5,"Coupon":"HOLIDAY20","Shipping_city":"Toronto","Days_Since_Purchase":2034,"Total_Revenue":4544.9},{"Date":"2016-07-20T00:00:00.000","CustomerID":42,"Product":"Refrigerator","Price":591.43,"Quantity":3,"Coupon":"SPRING5","Shipping_city":"Quebec City","Days_Since_Purchase":3359,"Total_Revenue":1774.29},{"Date":"2015-10-28T00:00:00.000","CustomerID":259,"Product":"Sofa","Price":1484.23,"Quantity":4,"Coupon":"SAVE10","Shipping_city":"Calgary","Days_Since_Purchase":3625,"Total_Revenue":5936.92},{"Date":"2019-09-04T00:00:00.000","CustomerID":288,"Product":"Sofa","Price":999.36,"Quantity":7,"Coupon":"SPRING5","Shipping_city":"Ottawa","Days_Since_Purchase":2218,"Total_Revenue":6995.52},{"Date":"2016-03-18T00:00:00.000","CustomerID":113,"Product":"Coffee Maker","Price":1861.44,"Quantity":4,"Coupon":"WELCOME15","Shipping_city":"Vancouver","Days_Since_Purchase":3483,"Total_Revenue":7445.76},{"Date":"2016-11-04T00:00:00.000","CustomerID":350,"Product":"Desk Chair","Price":1469.93,"Quantity":2,"Coupon":"SAVE10","Shipping_city":"Calgary","Days_Since_Purchase":3252,"Total_Revenue":2939.86},{"Date":"2022-07-22T00:00:00.000","CustomerID":433,"Product":"Bookshelf","Price":806.72,"Quantity":4,"Coupon":"SPRING5","Shipping_city":"Ottawa","Days_Since_Purchase":1166,"Total_Revenue":3226.88},{"Date":"2022-11-13T00:00:00.000","CustomerID":403,"Product":"Coffee Maker","Price":1913.94,"Quantity":4,"Coupon":"SAVE10","Shipping_city":"Montreal","Days_Since_Purchase":1052,"Total_Revenue":7655.76},{"Date":"2021-01-08T00:00:00.000","CustomerID":367,"Product":"Dining Table","Price":1676.33,"Quantity":2,"Coupon":"SPRING5","Shipping_city":"Quebec City","Days_Since_Purchase":1726,"Total_Revenue":3352.66},{"Date":"2022-07-24T00:00:00.000","CustomerID":113,"Product":"Microwave","Price":1717.32,"Quantity":2,"Coupon":"SAVE10","Shipping_city":"Quebec City","Days_Since_Purchase":1164,"Total_Revenue":3434.64},{"Date":"2020-04-29T00:00:00.000","CustomerID":397,"Product":"Blender","Price":1409.14,"Quantity":7,"Coupon":"SAVE10","Shipping_city":"Edmonton","Days_Since_Purchase":1980,"Total_Revenue":9863.98},{"Date":"2017-01-06T00:00:00.000","CustomerID":328,"Product":"Bookshelf","Price":953.1,"Quantity":3,"Coupon":"WELCOME15","Shipping_city":"Kitchener","Days_Since_Purchase":3189,"Total_Revenue":2859.3},{"Date":"2024-05-04T00:00:00.000","CustomerID":24,"Product":"Sofa","Price":959.16,"Quantity":6,"Coupon":"SAVE10","Shipping_city":"Montreal","Days_Since_Purchase":514,"Total_Revenue":5754.96},{"Date":"2017-12-20T00:00:00.000","CustomerID":84,"Product":"Coffee Maker","Price":855.27,"Quantity":6,"Coupon":"SPRING5","Shipping_city":"Montreal","Days_Since_Purchase":2841,"Total_Revenue":5131.62},{"Date":"2023-12-23T00:00:00.000","CustomerID":169,"Product":"Dining Table","Price":913.35,"Quantity":2,"Coupon":"FREESHIP","Shipping_city":"Edmonton","Days_Since_Purchase":647,"Total_Revenue":1826.7},{"Date":"2015-03-15T00:00:00.000","CustomerID":398,"Product":"Blender","Price":950.68,"Quantity":3,"Coupon":"HOLIDAY20","Shipping_city":"Kitchener","Days_Since_Purchase":3852,"Total_Revenue":2852.04},{"Date":"2020-06-01T00:00:00.000","CustomerID":384,"Product":"Sofa","Price":1394.02,"Quantity":3,"Coupon":null,"Shipping_city":"Montreal","Days_Since_Purchase":1947,"Total_Revenue":4182.06},{"Date":"2017-07-04T00:00:00.000","CustomerID":296,"Product":"Desk Chair","Price":1548.58,"Quantity":6,"Coupon":"SAVE10","Shipping_city":"Kitchener","Days_Since_Purchase":3010,"Total_Revenue":9291.48},{"Date":"2021-12-04T00:00:00.000","CustomerID":210,"Product":"Refrigerator","Price":1126.15,"Quantity":7,"Coupon":"WELCOME15","Shipping_city":"Vancouver","Days_Since_Purchase":1396,"Total_Revenue":7883.05},{"Date":"2019-05-04T00:00:00.000","CustomerID":414,"Product":"Vacuum Cleaner","Price":878.96,"Quantity":2,"Coupon":null,"Shipping_city":"Calgary","Days_Since_Purchase":2341,"Total_Revenue":1757.92},{"Date":"2020-04-06T00:00:00.000","CustomerID":266,"Product":"Vacuum Cleaner","Price":1160.39,"Quantity":1,"Coupon":"SAVE10","Shipping_city":"Calgary","Days_Since_Purchase":2003,"Total_Revenue":1160.39},{"Date":"2021-09-17T00:00:00.000","CustomerID":75,"Product":"Air Conditioner","Price":703.3,"Quantity":5,"Coupon":null,"Shipping_city":"Kitchener","Days_Since_Purchase":1474,"Total_Revenue":3516.5},{"Date":"2018-06-30T00:00:00.000","CustomerID":8,"Product":"Bookshelf","Price":1733.78,"Quantity":7,"Coupon":"WELCOME15","Shipping_city":"Vancouver","Days_Since_Purchase":2649,"Total_Revenue":12136.46},{"Date":"2019-05-06T00:00:00.000","CustomerID":132,"Product":"Air Conditioner","Price":1011.9,"Quantity":6,"Coupon":"SAVE10","Shipping_city":"Vancouver","Days_Since_Purchase":2339,"Total_Revenue":6071.4},{"Date":"2019-09-24T00:00:00.000","CustomerID":202,"Product":"Refrigerator","Price":1179.91,"Quantity":4,"Coupon":"SPRING5","Shipping_city":"Montreal","Days_Since_Purchase":2198,"Total_Revenue":4719.64},{"Date":"2018-10-29T00:00:00.000","CustomerID":442,"Product":"Desk Chair","Price":574.81,"Quantity":7,"Coupon":"FREESHIP","Shipping_city":"Edmonton","Days_Since_Purchase":2528,"Total_Revenue":4023.67},{"Date":"2022-05-19T00:00:00.000","CustomerID":392,"Product":"Dining Table","Price":1383.61,"Quantity":6,"Coupon":null,"Shipping_city":"Winnipeg","Days_Since_Purchase":1230,"Total_Revenue":8301.66},{"Date":"2016-06-17T00:00:00.000","CustomerID":162,"Product":"Blender","Price":1455.59,"Quantity":3,"Coupon":null,"Shipping_city":"Winnipeg","Days_Since_Purchase":3392,"Total_Revenue":4366.77},{"Date":"2022-05-26T00:00:00.000","CustomerID":87,"Product":"Refrigerator","Price":1231.13,"Quantity":4,"Coupon":"SAVE10","Shipping_city":"Edmonton","Days_Since_Purchase":1223,"Total_Revenue":4924.52},{"Date":"2021-01-24T00:00:00.000","CustomerID":186,"Product":"Vacuum Cleaner","Price":1401.28,"Quantity":4,"Coupon":"SAVE10","Shipping_city":"Toronto","Days_Since_Purchase":1710,"Total_Revenue":5605.12},{"Date":"2021-08-12T00:00:00.000","CustomerID":120,"Product":"Microwave","Price":1845.07,"Quantity":4,"Coupon":"SAVE10","Shipping_city":"Kitchener","Days_Since_Purchase":1510,"Total_Revenue":7380.28},{"Date":"2017-02-27T00:00:00.000","CustomerID":145,"Product":"Vacuum Cleaner","Price":1787.05,"Quantity":7,"Coupon":"FREESHIP","Shipping_city":"Montreal","Days_Since_Purchase":3137,"Total_Revenue":12509.35},{"Date":"2021-01-18T00:00:00.000","CustomerID":186,"Product":"Sofa","Price":1321.83,"Quantity":5,"Coupon":null,"Shipping_city":"Montreal","Days_Since_Purchase":1716,"Total_Revenue":6609.15},{"Date":"2023-08-06T00:00:00.000","CustomerID":459,"Product":"Sofa","Price":677.73,"Quantity":4,"Coupon":"SAVE10","Shipping_city":"Winnipeg","Days_Since_Purchase":786,"Total_Revenue":2710.92},{"Date":"2015-07-09T00:00:00.000","CustomerID":470,"Product":"Blender","Price":794.78,"Quantity":5,"Coupon":"WELCOME15","Shipping_city":"Hamilton","Days_Since_Purchase":3736,"Total_Revenue":3973.9},{"Date":"2019-08-11T00:00:00.000","CustomerID":200,"Product":"Coffee Maker","Price":1249.85,"Quantity":2,"Coupon":"SPRING5","Shipping_city":"Edmonton","Days_Since_Purchase":2242,"Total_Revenue":2499.7},{"Date":"2020-05-31T00:00:00.000","CustomerID":98,"Product":"Coffee Maker","Price":549.17,"Quantity":6,"Coupon":"SPRING5","Shipping_city":"Montreal","Days_Since_Purchase":1948,"Total_Revenue":3295.02},{"Date":"2016-02-11T00:00:00.000","CustomerID":214,"Product":"Air Conditioner","Price":902.79,"Quantity":1,"Coupon":"SAVE10","Shipping_city":"Quebec City","Days_Since_Purchase":3519,"Total_Revenue":902.79},{"Date":"2020-04-08T00:00:00.000","CustomerID":163,"Product":"Desk Chair","Price":676.92,"Quantity":7,"Coupon":"HOLIDAY20","Shipping_city":"Ottawa","Days_Since_Purchase":2001,"Total_Revenue":4738.44},{"Date":"2020-12-07T00:00:00.000","CustomerID":400,"Product":"Air Conditioner","Price":1999.87,"Quantity":3,"Coupon":"HOLIDAY20","Shipping_city":"Calgary","Days_Since_Purchase":1758,"Total_Revenue":5999.61},{"Date":"2021-06-15T00:00:00.000","CustomerID":10,"Product":"Sofa","Price":693.81,"Quantity":3,"Coupon":"SPRING5","Shipping_city":"Calgary","Days_Since_Purchase":1568,"Total_Revenue":2081.43},{"Date":"2021-10-13T00:00:00.000","CustomerID":154,"Product":"Vacuum Cleaner","Price":864.61,"Quantity":5,"Coupon":"SAVE10","Shipping_city":"Montreal","Days_Since_Purchase":1448,"Total_Revenue":4323.05},{"Date":"2017-11-23T00:00:00.000","CustomerID":370,"Product":"Desk Chair","Price":1363.85,"Quantity":2,"Coupon":"HOLIDAY20","Shipping_city":"Kitchener","Days_Since_Purchase":2868,"Total_Revenue":2727.7},{"Date":"2019-07-31T00:00:00.000","CustomerID":5,"Product":"Vacuum Cleaner","Price":786.38,"Quantity":6,"Coupon":"FREESHIP","Shipping_city":"Calgary","Days_Since_Purchase":2253,"Total_Revenue":4718.28},{"Date":"2021-04-12T00:00:00.000","CustomerID":363,"Product":"Air Conditioner","Price":1003.0,"Quantity":3,"Coupon":"FREESHIP","Shipping_city":"Toronto","Days_Since_Purchase":1632,"Total_Revenue":3009.0},{"Date":"2016-07-10T00:00:00.000","CustomerID":2,"Product":"Coffee Maker","Price":1151.98,"Quantity":5,"Coupon":"FREESHIP","Shipping_city":"Calgary","Days_Since_Purchase":3369,"Total_Revenue":5759.9},{"Date":"2019-03-31T00:00:00.000","CustomerID":84,"Product":"Vacuum Cleaner","Price":1852.25,"Quantity":3,"Coupon":null,"Shipping_city":"Montreal","Days_Since_Purchase":2375,"Total_Revenue":5556.75},{"Date":"2021-09-15T00:00:00.000","CustomerID":435,"Product":"Microwave","Price":1480.07,"Quantity":6,"Coupon":null,"Shipping_city":"Winnipeg","Days_Since_Purchase":1476,"Total_Revenue":8880.42},{"Date":"2015-04-26T00:00:00.000","CustomerID":293,"Product":"Microwave","Price":1277.72,"Quantity":5,"Coupon":"HOLIDAY20","Shipping_city":"Winnipeg","Days_Since_Purchase":3810,"Total_Revenue":6388.6},{"Date":"2015-02-10T00:00:00.000","CustomerID":386,"Product":"Coffee Maker","Price":1573.37,"Quantity":1,"Coupon":"SAVE10","Shipping_city":"Kitchener","Days_Since_Purchase":3885,"Total_Revenue":1573.37},{"Date":"2020-03-10T00:00:00.000","CustomerID":121,"Product":"Desk Chair","Price":1831.94,"Quantity":2,"Coupon":"SAVE10","Shipping_city":"Vancouver","Days_Since_Purchase":2030,"Total_Revenue":3663.88},{"Date":"2018-01-09T00:00:00.000","CustomerID":404,"Product":"Bookshelf","Price":1250.59,"Quantity":3,"Coupon":"SAVE10","Shipping_city":"Winnipeg","Days_Since_Purchase":2821,"Total_Revenue":3751.77},{"Date":"2020-06-11T00:00:00.000","CustomerID":53,"Product":"Blender","Price":1687.63,"Quantity":6,"Coupon":"SPRING5","Shipping_city":"Montreal","Days_Since_Purchase":1937,"Total_Revenue":10125.78},{"Date":"2021-02-27T00:00:00.000","CustomerID":1,"Product":"Vacuum Cleaner","Price":1778.04,"Quantity":3,"Coupon":"WELCOME15","Shipping_city":"Winnipeg","Days_Since_Purchase":1676,"Total_Revenue":5334.12},{"Date":"2018-11-05T00:00:00.000","CustomerID":53,"Product":"Air Conditioner","Price":798.67,"Quantity":2,"Coupon":"WELCOME15","Shipping_city":"Winnipeg","Days_Since_Purchase":2521,"Total_Revenue":1597.34},{"Date":"2021-03-21T00:00:00.000","CustomerID":101,"Product":"Vacuum Cleaner","Price":1499.42,"Quantity":1,"Coupon":"HOLIDAY20","Shipping_city":"Montreal","Days_Since_Purchase":1654,"Total_Revenue":1499.42},{"Date":"2016-12-04T00:00:00.000","CustomerID":442,"Product":"Microwave","Price":1144.58,"Quantity":6,"Coupon":"HOLIDAY20","Shipping_city":"Toronto","Days_Since_Purchase":3222,"Total_Revenue":6867.48},{"Date":"2016-01-06T00:00:00.000","CustomerID":269,"Product":"Refrigerator","Price":669.3,"Quantity":2,"Coupon":"SAVE10","Shipping_city":"Hamilton","Days_Since_Purchase":3555,"Total_Revenue":1338.6},{"Date":"2023-03-04T00:00:00.000","CustomerID":350,"Product":"Microwave","Price":1113.59,"Quantity":1,"Coupon":"FREESHIP","Shipping_city":"Vancouver","Days_Since_Purchase":941,"Total_Revenue":1113.59},{"Date":"2021-04-20T00:00:00.000","CustomerID":42,"Product":"Vacuum Cleaner","Price":1415.97,"Quantity":3,"Coupon":"HOLIDAY20","Shipping_city":"Vancouver","Days_Since_Purchase":1624,"Total_Revenue":4247.91},{"Date":"2018-07-14T00:00:00.000","CustomerID":470,"Product":"Sofa","Price":553.62,"Quantity":2,"Coupon":null,"Shipping_city":"Ottawa","Days_Since_Purchase":2635,"Total_Revenue":1107.24},{"Date":"2022-10-20T00:00:00.000","CustomerID":477,"Product":"Desk Chair","Price":965.05,"Quantity":7,"Coupon":"FREESHIP","Shipping_city":"Vancouver","Days_Since_Purchase":1076,"Total_Revenue":6755.35},{"Date":"2021-12-05T00:00:00.000","CustomerID":346,"Product":"Bookshelf","Price":992.93,"Quantity":7,"Coupon":null,"Shipping_city":"Quebec City","Days_Since_Purchase":1395,"Total_Revenue":6950.51},{"Date":"2015-07-08T00:00:00.000","CustomerID":346,"Product":"Blender","Price":1651.93,"Quantity":5,"Coupon":"SPRING5","Shipping_city":"Kitchener","Days_Since_Purchase":3737,"Total_Revenue":8259.65},{"Date":"2021-05-27T00:00:00.000","CustomerID":274,"Product":"Bookshelf","Price":1148.02,"Quantity":7,"Coupon":null,"Shipping_city":"Hamilton","Days_Since_Purchase":1587,"Total_Revenue":8036.14},{"Date":"2020-12-18T00:00:00.000","CustomerID":467,"Product":"Desk Chair","Price":1575.0,"Quantity":6,"Coupon":"HOLIDAY20","Shipping_city":"Toronto","Days_Since_Purchase":1747,"Total_Revenue":9450.0},{"Date":"2023-11-12T00:00:00.000","CustomerID":253,"Product":"Blender","Price":1214.59,"Quantity":4,"Coupon":"SAVE10","Shipping_city":"Montreal","Days_Since_Purchase":688,"Total_Revenue":4858.36},{"Date":"2016-03-29T00:00:00.000","CustomerID":264,"Product":"Coffee Maker","Price":1052.22,"Quantity":3,"Coupon":"SAVE10","Shipping_city":"Ottawa","Days_Since_Purchase":3472,"Total_Revenue":3156.66},{"Date":"2016-12-13T00:00:00.000","CustomerID":463,"Product":"Air Conditioner","Price":1722.48,"Quantity":4,"Coupon":"FREESHIP","Shipping_city":"Kitchener","Days_Since_Purchase":3213,"Total_Revenue":6889.92},{"Date":"2022-08-22T00:00:00.000","CustomerID":422,"Product":"Vacuum Cleaner","Price":1280.26,"Quantity":5,"Coupon":"WELCOME15","Shipping_city":"Toronto","Days_Since_Purchase":1135,"Total_Revenue":6401.3},{"Date":"2019-09-06T00:00:00.000","CustomerID":75,"Product":"Bookshelf","Price":505.3,"Quantity":2,"Coupon":"SAVE10","Shipping_city":"Hamilton","Days_Since_Purchase":2216,"Total_Revenue":1010.6},{"Date":"2022-08-10T00:00:00.000","CustomerID":81,"Product":"Vacuum Cleaner","Price":1327.86,"Quantity":2,"Coupon":null,"Shipping_city":"Edmonton","Days_Since_Purchase":1147,"Total_Revenue":2655.72},{"Date":"2023-01-05T00:00:00.000","CustomerID":358,"Product":"Blender","Price":823.2,"Quantity":7,"Coupon":"WELCOME15","Shipping_city":"Winnipeg","Days_Since_Purchase":999,"Total_Revenue":5762.4},{"Date":"2020-08-18T00:00:00.000","CustomerID":355,"Product":"Air Conditioner","Price":1366.84,"Quantity":6,"Coupon":"SPRING5","Shipping_city":"Ottawa","Days_Since_Purchase":1869,"Total_Revenue":8201.04},{"Date":"2016-12-12T00:00:00.000","CustomerID":300,"Product":"Sofa","Price":906.7,"Quantity":5,"Coupon":"FREESHIP","Shipping_city":"Calgary","Days_Since_Purchase":3214,"Total_Revenue":4533.5},{"Date":"2015-09-09T00:00:00.000","CustomerID":349,"Product":"Blender","Price":890.73,"Quantity":3,"Coupon":"WELCOME15","Shipping_city":"Calgary","Days_Since_Purchase":3674,"Total_Revenue":2672.19},{"Date":"2019-10-19T00:00:00.000","CustomerID":134,"Product":"Vacuum Cleaner","Price":1137.49,"Quantity":6,"Coupon":"SAVE10","Shipping_city":"Toronto","Days_Since_Purchase":2173,"Total_Revenue":6824.94},{"Date":"2019-09-12T00:00:00.000","CustomerID":391,"Product":"Coffee Maker","Price":531.86,"Quantity":3,"Coupon":null,"Shipping_city":"Toronto","Days_Since_Purchase":2210,"Total_Revenue":1595.58},{"Date":"2016-05-25T00:00:00.000","CustomerID":343,"Product":"Refrigerator","Price":1572.63,"Quantity":6,"Coupon":"SAVE10","Shipping_city":"Toronto","Days_Since_Purchase":3415,"Total_Revenue":9435.78},{"Date":"2015-09-13T00:00:00.000","CustomerID":247,"Product":"Microwave","Price":1066.67,"Quantity":2,"Coupon":"SAVE10","Shipping_city":"Ottawa","Days_Since_Purchase":3670,"Total_Revenue":2133.34},{"Date":"2023-08-13T00:00:00.000","CustomerID":149,"Product":"Coffee Maker","Price":1428.0,"Quantity":2,"Coupon":"SAVE10","Shipping_city":"Vancouver","Days_Since_Purchase":779,"Total_Revenue":2856.0},{"Date":"2020-04-05T00:00:00.000","CustomerID":198,"Product":"Coffee Maker","Price":1311.92,"Quantity":5,"Coupon":"SPRING5","Shipping_city":"Winnipeg","Days_Since_Purchase":2004,"Total_Revenue":6559.6},{"Date":"2015-03-28T00:00:00.000","CustomerID":44,"Product":"Vacuum Cleaner","Price":772.24,"Quantity":6,"Coupon":"WELCOME15","Shipping_city":"Hamilton","Days_Since_Purchase":3839,"Total_Revenue":4633.44},{"Date":"2017-05-30T00:00:00.000","CustomerID":6,"Product":"Dining Table","Price":566.17,"Quantity":5,"Coupon":"SPRING5","Shipping_city":"Montreal","Days_Since_Purchase":3045,"Total_Revenue":2830.85},{"Date":"2022-05-30T00:00:00.000","CustomerID":430,"Product":"Microwave","Price":1671.27,"Quantity":4,"Coupon":null,"Shipping_city":"Edmonton","Days_Since_Purchase":1219,"Total_Revenue":6685.08},{"Date":"2020-10-27T00:00:00.000","CustomerID":487,"Product":"Microwave","Price":1708.39,"Quantity":2,"Coupon":"WELCOME15","Shipping_city":"Hamilton","Days_Since_Purchase":1799,"Total_Revenue":3416.78},{"Date":"2015-04-27T00:00:00.000","CustomerID":62,"Product":"Microwave","Price":804.77,"Quantity":6,"Coupon":"SAVE10","Shipping_city":"Calgary","Days_Since_Purchase":3809,"Total_Revenue":4828.62},{"Date":"2016-01-03T00:00:00.000","CustomerID":405,"Product":"Sofa","Price":1498.32,"Quantity":4,"Coupon":"WELCOME15","Shipping_city":"Ottawa","Days_Since_Purchase":3558,"Total_Revenue":5993.28},{"Date":"2016-04-18T00:00:00.000","CustomerID":184,"Product":"Blender","Price":1736.28,"Quantity":2,"Coupon":"FREESHIP","Shipping_city":"Toronto","Days_Since_Purchase":3452,"Total_Revenue":3472.56},{"Date":"2020-05-05T00:00:00.000","CustomerID":269,"Product":"Blender","Price":1755.69,"Quantity":4,"Coupon":"FREESHIP","Shipping_city":"Quebec City","Days_Since_Purchase":1974,"Total_Revenue":7022.76},{"Date":"2016-05-11T00:00:00.000","CustomerID":248,"Product":"Sofa","Price":1823.96,"Quantity":6,"Coupon":"WELCOME15","Shipping_city":"Quebec City","Days_Since_Purchase":3429,"Total_Revenue":10943.76},{"Date":"2021-12-03T00:00:00.000","CustomerID":96,"Product":"Microwave","Price":530.73,"Quantity":1,"Coupon":"SPRING5","Shipping_city":"Edmonton","Days_Since_Purchase":1397,"Total_Revenue":530.73},{"Date":"2017-03-03T00:00:00.000","CustomerID":355,"Product":"Sofa","Price":1682.47,"Quantity":3,"Coupon":"HOLIDAY20","Shipping_city":"Edmonton","Days_Since_Purchase":3133,"Total_Revenue":5047.41},{"Date":"2019-09-24T00:00:00.000","CustomerID":92,"Product":"Blender","Price":1079.07,"Quantity":6,"Coupon":"HOLIDAY20","Shipping_city":"Quebec City","Days_Since_Purchase":2198,"Total_Revenue":6474.42},{"Date":"2019-11-14T00:00:00.000","CustomerID":422,"Product":"Air Conditioner","Price":1163.42,"Quantity":5,"Coupon":null,"Shipping_city":"Quebec City","Days_Since_Purchase":2147,"Total_Revenue":5817.1},{"Date":"2016-06-20T00:00:00.000","CustomerID":310,"Product":"Vacuum Cleaner","Price":1547.24,"Quantity":5,"Coupon":"SAVE10","Shipping_city":"Winnipeg","Days_Since_Purchase":3389,"Total_Revenue":7736.2},{"Date":"2024-01-18T00:00:00.000","CustomerID":140,"Product":"Blender","Price":1918.59,"Quantity":7,"Coupon":"WELCOME15","Shipping_city":"Quebec City","Days_Since_Purchase":621,"Total_Revenue":13430.13},{"Date":"2016-08-05T00:00:00.000","CustomerID":215,"Product":"Coffee Maker","Price":816.25,"Quantity":3,"Coupon":"WELCOME15","Shipping_city":"Montreal","Days_Since_Purchase":3343,"Total_Revenue":2448.75},{"Date":"2015-04-19T00:00:00.000","CustomerID":408,"Product":"Dining Table","Price":658.33,"Quantity":4,"Coupon":"SAVE10","Shipping_city":"Quebec City","Days_Since_Purchase":3817,"Total_Revenue":2633.32},{"Date":"2015-05-29T00:00:00.000","CustomerID":151,"Product":"Dining Table","Price":1302.08,"Quantity":7,"Coupon":null,"Shipping_city":"Ottawa","Days_Since_Purchase":3777,"Total_Revenue":9114.56},{"Date":"2019-08-21T00:00:00.000","CustomerID":480,"Product":"Sofa","Price":1548.37,"Quantity":3,"Coupon":"HOLIDAY20","Shipping_city":"Winnipeg","Days_Since_Purchase":2232,"Total_Revenue":4645.11},{"Date":"2020-05-13T00:00:00.000","CustomerID":405,"Product":"Desk Chair","Price":1732.11,"Quantity":2,"Coupon":null,"Shipping_city":"Quebec City","Days_Since_Purchase":1966,"Total_Revenue":3464.22},{"Date":"2017-03-20T00:00:00.000","CustomerID":232,"Product":"Refrigerator","Price":1207.54,"Quantity":5,"Coupon":"SAVE10","Shipping_city":"Vancouver","Days_Since_Purchase":3116,"Total_Revenue":6037.7},{"Date":"2021-06-24T00:00:00.000","CustomerID":397,"Product":"Refrigerator","Price":1188.99,"Quantity":7,"Coupon":"FREESHIP","Shipping_city":"Edmonton","Days_Since_Purchase":1559,"Total_Revenue":8322.93},{"Date":"2016-02-21T00:00:00.000","CustomerID":130,"Product":"Bookshelf","Price":887.56,"Quantity":1,"Coupon":null,"Shipping_city":"Hamilton","Days_Since_Purchase":3509,"Total_Revenue":887.56},{"Date":"2019-08-15T00:00:00.000","CustomerID":19,"Product":"Coffee Maker","Price":1958.4,"Quantity":6,"Coupon":"WELCOME15","Shipping_city":"Ottawa","Days_Since_Purchase":2238,"Total_Revenue":11750.4},{"Date":"2022-11-28T00:00:00.000","CustomerID":69,"Product":"Dining Table","Price":1887.57,"Quantity":4,"Coupon":"SAVE10","Shipping_city":"Calgary","Days_Since_Purchase":1037,"Total_Revenue":7550.28},{"Date":"2018-01-08T00:00:00.000","CustomerID":142,"Product":"Vacuum Cleaner","Price":1507.75,"Quantity":7,"Coupon":"FREESHIP","Shipping_city":"Calgary","Days_Since_Purchase":2822,"Total_Revenue":10554.25},{"Date":"2021-10-30T00:00:00.000","CustomerID":248,"Product":"Microwave","Price":1441.68,"Quantity":3,"Coupon":"SAVE10","Shipping_city":"Winnipeg","Days_Since_Purchase":1431,"Total_Revenue":4325.04},{"Date":"2021-11-14T00:00:00.000","CustomerID":345,"Product":"Coffee Maker","Price":1017.51,"Quantity":1,"Coupon":"SAVE10","Shipping_city":"Edmonton","Days_Since_Purchase":1416,"Total_Revenue":1017.51},{"Date":"2018-06-07T00:00:00.000","CustomerID":186,"Product":"Sofa","Price":502.74,"Quantity":3,"Coupon":null,"Shipping_city":"Kitchener","Days_Since_Purchase":2672,"Total_Revenue":1508.22},{"Date":"2018-10-01T00:00:00.000","CustomerID":40,"Product":"Dining Table","Price":524.87,"Quantity":7,"Coupon":"FREESHIP","Shipping_city":"Edmonton","Days_Since_Purchase":2556,"Total_Revenue":3674.09},{"Date":"2019-01-28T00:00:00.000","CustomerID":74,"Product":"Bookshelf","Price":1563.46,"Quantity":4,"Coupon":"SAVE10","Shipping_city":"Calgary","Days_Since_Purchase":2437,"Total_Revenue":6253.84},{"Date":"2019-12-05T00:00:00.000","CustomerID":469,"Product":"Dining Table","Price":916.33,"Quantity":5,"Coupon":"SAVE10","Shipping_city":"Montreal","Days_Since_Purchase":2126,"Total_Revenue":4581.65},{"Date":"2022-12-15T00:00:00.000","CustomerID":65,"Product":"Refrigerator","Price":1077.81,"Quantity":2,"Coupon":"FREESHIP","Shipping_city":"Montreal","Days_Since_Purchase":1020,"Total_Revenue":2155.62},{"Date":"2017-04-25T00:00:00.000","CustomerID":435,"Product":"Microwave","Price":1021.74,"Quantity":6,"Coupon":"HOLIDAY20","Shipping_city":"Hamilton","Days_Since_Purchase":3080,"Total_Revenue":6130.44},{"Date":"2022-07-21T00:00:00.000","CustomerID":483,"Product":"Vacuum Cleaner","Price":1552.14,"Quantity":3,"Coupon":null,"Shipping_city":"Montreal","Days_Since_Purchase":1167,"Total_Revenue":4656.42},{"Date":"2018-08-28T00:00:00.000","CustomerID":97,"Product":"Desk Chair","Price":1891.37,"Quantity":1,"Coupon":"HOLIDAY20","Shipping_city":"Calgary","Days_Since_Purchase":2590,"Total_Revenue":1891.37},{"Date":"2019-12-26T00:00:00.000","CustomerID":394,"Product":"Blender","Price":976.31,"Quantity":7,"Coupon":"SAVE10","Shipping_city":"Kitchener","Days_Since_Purchase":2105,"Total_Revenue":6834.17},{"Date":"2022-01-30T00:00:00.000","CustomerID":2,"Product":"Blender","Price":1710.45,"Quantity":6,"Coupon":"FREESHIP","Shipping_city":"Calgary","Days_Since_Purchase":1339,"Total_Revenue":10262.7},{"Date":"2017-08-14T00:00:00.000","CustomerID":373,"Product":"Blender","Price":514.18,"Quantity":1,"Coupon":"SAVE10","Shipping_city":"Winnipeg","Days_Since_Purchase":2969,"Total_Revenue":514.18},{"Date":"2015-04-08T00:00:00.000","CustomerID":290,"Product":"Desk Chair","Price":1416.59,"Quantity":3,"Coupon":null,"Shipping_city":"Kitchener","Days_Since_Purchase":3828,"Total_Revenue":4249.77},{"Date":"2018-06-21T00:00:00.000","CustomerID":458,"Product":"Blender","Price":1096.92,"Quantity":7,"Coupon":null,"Shipping_city":"Winnipeg","Days_Since_Purchase":2658,"Total_Revenue":7678.44},{"Date":"2018-03-06T00:00:00.000","CustomerID":165,"Product":"Blender","Price":1278.02,"Quantity":5,"Coupon":"WELCOME15","Shipping_city":"Quebec City","Days_Since_Purchase":2765,"Total_Revenue":6390.1},{"Date":"2015-10-18T00:00:00.000","CustomerID":255,"Product":"Desk Chair","Price":1579.41,"Quantity":5,"Coupon":"SAVE10","Shipping_city":"Kitchener","Days_Since_Purchase":3635,"Total_Revenue":7897.05},{"Date":"2021-08-22T00:00:00.000","CustomerID":238,"Product":"Vacuum Cleaner","Price":1536.02,"Quantity":3,"Coupon":"WELCOME15","Shipping_city":"Quebec City","Days_Since_Purchase":1500,"Total_Revenue":4608.06},{"Date":"2023-11-06T00:00:00.000","CustomerID":195,"Product":"Refrigerator","Price":1642.99,"Quantity":3,"Coupon":"SPRING5","Shipping_city":"Toronto","Days_Since_Purchase":694,"Total_Revenue":4928.97},{"Date":"2020-12-24T00:00:00.000","CustomerID":207,"Product":"Air Conditioner","Price":1909.32,"Quantity":4,"Coupon":"SAVE10","Shipping_city":"Ottawa","Days_Since_Purchase":1741,"Total_Revenue":7637.28},{"Date":"2021-06-25T00:00:00.000","CustomerID":84,"Product":"Microwave","Price":652.53,"Quantity":2,"Coupon":"SAVE10","Shipping_city":"Quebec City","Days_Since_Purchase":1558,"Total_Revenue":1305.06},{"Date":"2023-01-10T00:00:00.000","CustomerID":423,"Product":"Blender","Price":1560.49,"Quantity":2,"Coupon":"HOLIDAY20","Shipping_city":"Montreal","Days_Since_Purchase":994,"Total_Revenue":3120.98},{"Date":"2017-03-18T00:00:00.000","CustomerID":11,"Product":"Bookshelf","Price":1516.46,"Quantity":6,"Coupon":"SPRING5","Shipping_city":"Winnipeg","Days_Since_Purchase":3118,"Total_Revenue":9098.76},{"Date":"2017-08-20T00:00:00.000","CustomerID":305,"Product":"Refrigerator","Price":897.36,"Quantity":5,"Coupon":"SPRING5","Shipping_city":"Vancouver","Days_Since_Purchase":2963,"Total_Revenue":4486.8},{"Date":"2015-09-01T00:00:00.000","CustomerID":60,"Product":"Microwave","Price":934.82,"Quantity":6,"Coupon":"SAVE10","Shipping_city":"Calgary","Days_Since_Purchase":3682,"Total_Revenue":5608.92},{"Date":"2015-05-19T00:00:00.000","CustomerID":253,"Product":"Blender","Price":591.61,"Quantity":5,"Coupon":"HOLIDAY20","Shipping_city":"Toronto","Days_Since_Purchase":3787,"Total_Revenue":2958.05},{"Date":"2018-02-27T00:00:00.000","CustomerID":369,"Product":"Sofa","Price":1350.73,"Quantity":1,"Coupon":"SPRING5","Shipping_city":"Toronto","Days_Since_Purchase":2772,"Total_Revenue":1350.73},{"Date":"2017-01-08T00:00:00.000","CustomerID":336,"Product":"Dining Table","Price":572.13,"Quantity":4,"Coupon":"SAVE10","Shipping_city":"Kitchener","Days_Since_Purchase":3187,"Total_Revenue":2288.52},{"Date":"2017-08-06T00:00:00.000","CustomerID":456,"Product":"Sofa","Price":1293.9,"Quantity":4,"Coupon":null,"Shipping_city":"Toronto","Days_Since_Purchase":2977,"Total_Revenue":5175.6},{"Date":"2022-11-09T00:00:00.000","CustomerID":51,"Product":"Refrigerator","Price":608.29,"Quantity":6,"Coupon":"SAVE10","Shipping_city":"Quebec City","Days_Since_Purchase":1056,"Total_Revenue":3649.74},{"Date":"2023-09-24T00:00:00.000","CustomerID":173,"Product":"Coffee Maker","Price":1806.32,"Quantity":7,"Coupon":"FREESHIP","Shipping_city":"Edmonton","Days_Since_Purchase":737,"Total_Revenue":12644.24},{"Date":"2020-08-09T00:00:00.000","CustomerID":142,"Product":"Microwave","Price":1872.33,"Quantity":1,"Coupon":null,"Shipping_city":"Ottawa","Days_Since_Purchase":1878,"Total_Revenue":1872.33},{"Date":"2018-02-12T00:00:00.000","CustomerID":25,"Product":"Bookshelf","Price":941.32,"Quantity":6,"Coupon":"HOLIDAY20","Shipping_city":"Quebec City","Days_Since_Purchase":2787,"Total_Revenue":5647.92},{"Date":"2018-03-23T00:00:00.000","CustomerID":166,"Product":"Vacuum Cleaner","Price":584.31,"Quantity":3,"Coupon":"HOLIDAY20","Shipping_city":"Kitchener","Days_Since_Purchase":2748,"Total_Revenue":1752.93},{"Date":"2021-01-17T00:00:00.000","CustomerID":243,"Product":"Desk Chair","Price":1100.37,"Quantity":5,"Coupon":"FREESHIP","Shipping_city":"Montreal","Days_Since_Purchase":1717,"Total_Revenue":5501.85},{"Date":"2017-04-08T00:00:00.000","CustomerID":288,"Product":"Desk Chair","Price":1487.22,"Quantity":4,"Coupon":"SAVE10","Shipping_city":"Winnipeg","Days_Since_Purchase":3097,"Total_Revenue":5948.88},{"Date":"2023-05-01T00:00:00.000","CustomerID":359,"Product":"Air Conditioner","Price":647.02,"Quantity":4,"Coupon":"HOLIDAY20","Shipping_city":"Winnipeg","Days_Since_Purchase":883,"Total_Revenue":2588.08},{"Date":"2018-03-25T00:00:00.000","CustomerID":310,"Product":"Microwave","Price":1018.45,"Quantity":2,"Coupon":"SPRING5","Shipping_city":"Montreal","Days_Since_Purchase":2746,"Total_Revenue":2036.9},{"Date":"2017-09-01T00:00:00.000","CustomerID":479,"Product":"Vacuum Cleaner","Price":601.91,"Quantity":2,"Coupon":"HOLIDAY20","Shipping_city":"Montreal","Days_Since_Purchase":2951,"Total_Revenue":1203.82},{"Date":"2021-01-26T00:00:00.000","CustomerID":76,"Product":"Desk Chair","Price":1630.45,"Quantity":5,"Coupon":null,"Shipping_city":"Kitchener","Days_Since_Purchase":1708,"Total_Revenue":8152.25},{"Date":"2017-01-07T00:00:00.000","CustomerID":194,"Product":"Vacuum Cleaner","Price":1938.05,"Quantity":1,"Coupon":"SPRING5","Shipping_city":"Ottawa","Days_Since_Purchase":3188,"Total_Revenue":1938.05},{"Date":"2016-03-06T00:00:00.000","CustomerID":338,"Product":"Desk Chair","Price":713.97,"Quantity":1,"Coupon":"SPRING5","Shipping_city":"Winnipeg","Days_Since_Purchase":3495,"Total_Revenue":713.97},{"Date":"2021-10-31T00:00:00.000","CustomerID":401,"Product":"Air Conditioner","Price":1697.55,"Quantity":1,"Coupon":"HOLIDAY20","Shipping_city":"Kitchener","Days_Since_Purchase":1430,"Total_Revenue":1697.55},{"Date":"2017-02-24T00:00:00.000","CustomerID":188,"Product":"Vacuum Cleaner","Price":973.1,"Quantity":6,"Coupon":"FREESHIP","Shipping_city":"Quebec City","Days_Since_Purchase":3140,"Total_Revenue":5838.6},{"Date":"2017-04-26T00:00:00.000","CustomerID":15,"Product":"Vacuum Cleaner","Price":1527.93,"Quantity":3,"Coupon":null,"Shipping_city":"Vancouver","Days_Since_Purchase":3079,"Total_Revenue":4583.79},{"Date":"2021-10-30T00:00:00.000","CustomerID":364,"Product":"Vacuum Cleaner","Price":549.21,"Quantity":1,"Coupon":"SAVE10","Shipping_city":"Calgary","Days_Since_Purchase":1431,"Total_Revenue":549.21},{"Date":"2018-12-30T00:00:00.000","CustomerID":185,"Product":"Vacuum Cleaner","Price":890.63,"Quantity":6,"Coupon":null,"Shipping_city":"Ottawa","Days_Since_Purchase":2466,"Total_Revenue":5343.78},{"Date":"2017-04-26T00:00:00.000","CustomerID":57,"Product":"Blender","Price":1010.8,"Quantity":6,"Coupon":null,"Shipping_city":"Ottawa","Days_Since_Purchase":3079,"Total_Revenue":6064.8},{"Date":"2019-09-16T00:00:00.000","CustomerID":449,"Product":"Desk Chair","Price":1641.21,"Quantity":7,"Coupon":"HOLIDAY20","Shipping_city":"Edmonton","Days_Since_Purchase":2206,"Total_Revenue":11488.47},{"Date":"2018-04-18T00:00:00.000","CustomerID":150,"Product":"Bookshelf","Price":1096.73,"Quantity":3,"Coupon":"SAVE10","Shipping_city":"Quebec City","Days_Since_Purchase":2722,"Total_Revenue":3290.19},{"Date":"2016-05-09T00:00:00.000","CustomerID":482,"Product":"Dining Table","Price":840.64,"Quantity":6,"Coupon":"SAVE10","Shipping_city":"Toronto","Days_Since_Purchase":3431,"Total_Revenue":5043.84},{"Date":"2015-09-10T00:00:00.000","CustomerID":345,"Product":"Desk Chair","Price":1932.77,"Quantity":1,"Coupon":"SAVE10","Shipping_city":"Edmonton","Days_Since_Purchase":3673,"Total_Revenue":1932.77},{"Date":"2023-05-19T00:00:00.000","CustomerID":368,"Product":"Blender","Price":680.37,"Quantity":6,"Coupon":null,"Shipping_city":"Winnipeg","Days_Since_Purchase":865,"Total_Revenue":4082.22},{"Date":"2016-07-04T00:00:00.000","CustomerID":94,"Product":"Dining Table","Price":1312.68,"Quantity":2,"Coupon":"SAVE10","Shipping_city":"Vancouver","Days_Since_Purchase":3375,"Total_Revenue":2625.36},{"Date":"2019-12-11T00:00:00.000","CustomerID":427,"Product":"Blender","Price":1943.66,"Quantity":6,"Coupon":"WELCOME15","Shipping_city":"Winnipeg","Days_Since_Purchase":2120,"Total_Revenue":11661.96},{"Date":"2017-09-17T00:00:00.000","CustomerID":435,"Product":"Desk Chair","Price":1194.26,"Quantity":3,"Coupon":"SPRING5","Shipping_city":"Kitchener","Days_Since_Purchase":2935,"Total_Revenue":3582.78},{"Date":"2015-08-04T00:00:00.000","CustomerID":315,"Product":"Dining Table","Price":594.42,"Quantity":4,"Coupon":"SAVE10","Shipping_city":"Toronto","Days_Since_Purchase":3710,"Total_Revenue":2377.68},{"Date":"2017-06-25T00:00:00.000","CustomerID":261,"Product":"Bookshelf","Price":917.6,"Quantity":2,"Coupon":"SPRING5","Shipping_city":"Winnipeg","Days_Since_Purchase":3019,"Total_Revenue":1835.2},{"Date":"2021-03-07T00:00:00.000","CustomerID":119,"Product":"Vacuum Cleaner","Price":536.78,"Quantity":2,"Coupon":"SAVE10","Shipping_city":"Vancouver","Days_Since_Purchase":1668,"Total_Revenue":1073.56},{"Date":"2018-05-13T00:00:00.000","CustomerID":497,"Product":"Coffee Maker","Price":1547.0,"Quantity":3,"Coupon":"SAVE10","Shipping_city":"Vancouver","Days_Since_Purchase":2697,"Total_Revenue":4641.0},{"Date":"2016-07-04T00:00:00.000","CustomerID":217,"Product":"Vacuum Cleaner","Price":1748.32,"Quantity":4,"Coupon":"SAVE10","Shipping_city":"Toronto","Days_Since_Purchase":3375,"Total_Revenue":6993.28},{"Date":"2017-03-17T00:00:00.000","CustomerID":69,"Product":"Vacuum Cleaner","Price":1051.09,"Quantity":6,"Coupon":"FREESHIP","Shipping_city":"Kitchener","Days_Since_Purchase":3119,"Total_Revenue":6306.54},{"Date":"2018-04-28T00:00:00.000","CustomerID":76,"Product":"Dining Table","Price":1828.18,"Quantity":5,"Coupon":"WELCOME15","Shipping_city":"Toronto","Days_Since_Purchase":2712,"Total_Revenue":9140.9},{"Date":"2019-01-23T00:00:00.000","CustomerID":176,"Product":"Blender","Price":809.07,"Quantity":7,"Coupon":"SAVE10","Shipping_city":"Toronto","Days_Since_Purchase":2442,"Total_Revenue":5663.49},{"Date":"2015-07-17T00:00:00.000","CustomerID":159,"Product":"Vacuum Cleaner","Price":1303.41,"Quantity":7,"Coupon":null,"Shipping_city":"Winnipeg","Days_Since_Purchase":3728,"Total_Revenue":9123.87},{"Date":"2023-11-05T00:00:00.000","CustomerID":439,"Product":"Vacuum Cleaner","Price":1310.39,"Quantity":1,"Coupon":"SAVE10","Shipping_city":"Quebec City","Days_Since_Purchase":695,"Total_Revenue":1310.39},{"Date":"2023-10-31T00:00:00.000","CustomerID":205,"Product":"Bookshelf","Price":1969.76,"Quantity":2,"Coupon":"WELCOME15","Shipping_city":"Winnipeg","Days_Since_Purchase":700,"Total_Revenue":3939.52},{"Date":"2015-08-25T00:00:00.000","CustomerID":126,"Product":"Vacuum Cleaner","Price":934.97,"Quantity":7,"Coupon":"HOLIDAY20","Shipping_city":"Toronto","Days_Since_Purchase":3689,"Total_Revenue":6544.79},{"Date":"2022-12-03T00:00:00.000","CustomerID":60,"Product":"Air Conditioner","Price":794.27,"Quantity":5,"Coupon":"SAVE10","Shipping_city":"Winnipeg","Days_Since_Purchase":1032,"Total_Revenue":3971.35},{"Date":"2020-03-26T00:00:00.000","CustomerID":472,"Product":"Sofa","Price":1682.31,"Quantity":6,"Coupon":"SAVE10","Shipping_city":"Vancouver","Days_Since_Purchase":2014,"Total_Revenue":10093.86}]